3634 5417
762 529 972 586 Mortuum
989 529 1170 585 lauhmoni

910 684 1016 767 2575

732 817 939 887 SENATUI
964 815 1201 887 PARMENSI

802 961 891 1006 noun
905 949 923 1004 6
935 962 1006 1018 urJr
1020 961 1090 1020 1552
1104 950 1124 1005 ¹.

438 1063 571 1122 Comiter
582 1081 612 1121 se
626 1069 745 1121 excusat
757 1067 837 1138 quod
846 1067 1061 1139 parmensium
1074 1067 1151 1122 votis
1162 1083 1299 1123 annuere
1312 1083 1373 1122 nom
1382 1066 1488 1139 possit.

923 1191 1023 1336 pls.

418 1379 525 1447 Molto
541 1379 716 1466 magnifici
733 1381 862 1468 signori
881 1381 947 1449 mei
963 1383 1017 1450 nel
1035 1381 1152 1468 signer
1164 1383 1248 1470 Jesh
1264 1380 1416 1449 Christo.

420 1495 470 1560 La
485 1516 617 1564 summa
633 1496 743 1584 gratia
758 1509 793 1564 et
814 1518 910 1564 amor
930 1509 1050 1566 eterno
1070 1498 1114 1564 de
1134 1497 1275 1565 Christo
1294 1499 1339 1566 N.
1362 1498 1399 1566 S.
1423 1495 1525 1564 saluti
1548 1505 1585 1562 et

341 1589 444 1677 ¹visiti
461 1609 493 1678 le
508 1611 596 1680 Srie.
616 1611 659 1680 V.
678 1634 743 1680 con
760 1613 784 1678 li
800 1613 875 1680 suoi
891 1611 1076 1680 santissimi
1092 1611 1172 1680 doni
1188 1623 1223 1680 et
1234 1611 1346 1699 gratie
1357 1611 1537 1700 spirituali.

422 1726 489 1794 Per
512 1748 582 1793 una
605 1728 727 1796 lettera
750 1751 771 1795 a
793 1727 852 1794 noi
875 1727 1083 1814 gratissima,
1108 1738 1144 1794 et
1165 1749 1186 1794 a
1209 1728 1315 1794 bocca
1338 1728 1382 1794 da
1406 1723 1587 1812 un·gentil

242 1851 244 1854 ’
355 1843 471 1922 homo,
488 1845 553 1911 che
569 1843 613 1909 da
630 1854 724 1929 parte
740 1844 829 1913 delle
844 1843 931 1913 Srie.
947 1845 991 1911 V.
1010 1843 1043 1909 ci
1064 1846 1109 1910 ha
1129 1843 1271 1930 perlato,
1292 1844 1438 1909 havemo
1460 1840 1585 1920 inteso,

355 1956 442 2022 oltra
454 1958 542 2024 della
558 1957 738 2028 affectione
751 1970 785 2028 et
801 1961 870 2026 bon
886 1969 1058 2041 eoncetto,
1073 1960 1139 2027 che
1155 1959 1272 2025 hanno
1288 1979 1423 2044 sempre
1434 1969 1540 2024 auuto
1552 1967 1587 2022 et

356 2073 472 2140 hanno
484 2094 504 2138 a
515 2083 636 2158 questa
648 2074 865 2161 Compagnia
878 2074 1177 2162 (correspondente
1191 2083 1286 2142 certo
1302 2073 1335 2139 al
1351 2086 1470 2139 nostro
1485 2092 1589 2138 verso

357 2189 390 2255 la
406 2208 469 2255 sua
484 2189 668 2274 magnifica
682 2188 777 2272 citth,
795 2191 839 2256 da
856 2191 960 2258 molto
976 2201 1091 2278 tempo
1106 2190 1143 2256 in
1158 2190 1250 2276 qua),
1269 2189 1463 2258 desiderare
1478 2189 1589 2254 anche

359 2305 597 2371 mandassemo
619 2304 715 2372 costi
740 2327 810 2372 uno
832 2307 921 2373 della
941 2304 1168 2393 Compagnia,
1191 2303 1285 2372 accih
1301 2304 1430 2391 prenda
1446 2324 1530 2370 cura
1546 2303 1590 2370 de

360 2419 482 2486 alcune
502 2441 605 2506 opere
622 2419 688 2506 pie,
706 2421 771 2489 alle
783 2421 875 2506 quali
888 2423 1076 2508 prouedere
1089 2434 1188 2488 tocca
1200 2421 1265 2488 alle
1277 2419 1364 2489 Srie.
1381 2421 1441 2501 V.;
1454 2428 1489 2486 et
1501 2419 1587 2498 cosi,

361 2534 454 2601 tratti
467 2535 556 2602 dalla
567 2556 631 2603 sua
642 2536 699 2622 pia
714 2535 878 2624 petitione
893 2549 929 2604 et
945 2549 1062 2604 nostro
1079 2538 1172 2603 buon
1188 2536 1369 2615 desiderio,
1388 2547 1423 2603 et
1439 2557 1460 2601 a
1476 2535 1591 2621 quello

362 2672 429 2720 non
450 2653 600 2738 potendo
623 2651 655 2719 al
681 2664 838 2738 presente
857 2652 1025 2733 satissare,
1047 2674 1116 2720 non
1137 2673 1225 2739 poco
1247 2651 1278 2718 ci
1295 2673 1339 2718 ne
1355 2673 1450 2720 semo
1465 2649 1590 2727 doluti,

360 2766 559 2834 trovandoci
581 2768 686 2834 molto
706 2767 864 2836 exhausti
884 2767 928 2836 de
952 2789 1097 2855 persone
1121 2768 1190 2848 tali,
1216 2788 1278 2854 per
1300 2769 1408 2834 hauet
1431 2767 1594 2833 mandato

360 2881 473 2948 alcuni
490 2883 526 2952 S.
551 2883 586 2952 S.
613 2883 723 2967 fuora,
741 2892 777 2952 et
797 2883 892 2950 molti
913 2883 989 2950 altri
1010 2905 1124 2952 essere
1143 2881 1305 2952 destinati
1325 2883 1360 2950 in
1380 2884 1466 2951 altre
1482 2893 1592 2969 parte,

360 2997 449 3065 dove
465 2997 608 3084 glinon
625 3020 781 3084 possemo
802 3019 962 3066 mancare
981 3012 1008 3079 ⁸,
1031 3019 1129 3066 come
1149 3019 1187 3065 sa
1206 2997 1408 3084 monsignor
1429 3000 1528 3065 Rmo.
1551 2996 1596 3064 de

362 3113 469 3181 Santa
491 3113 570 3180 Fior
590 3115 615 3196 ³,
634 3113 658 3179 il
675 3115 775 3199 quale
792 3133 893 3200 sopra
909 3114 964 3182 cio
980 3117 1091 3183 anche
1107 3113 1138 3181 ci
1154 3115 1199 3181 ha
1215 3114 1356 3200 perlato.
1375 3113 1414 3183 Si
1431 3115 1509 3193 che,
1526 3133 1597 3178 non

363 3230 513 3314 potendo
541 3229 672 3295 aiutare
697 3252 717 3295 a
741 3240 863 3313 questo
889 3241 1006 3296 nostro
1030 3251 1193 3297 commun
1215 3227 1397 3310 desiderio,
1422 3237 1512 3297 resta
1535 3249 1598 3313 per

363 3354 485 3428 questa
502 3344 534 3410 al
551 3359 709 3430 presente
725 3344 886 3414 offerirne
903 3345 968 3412 alle
985 3345 1073 3414 Srie.
1093 3347 1152 3426 V.,
1170 3347 1234 3412 che
1251 3367 1270 3410 a
1286 3344 1318 3410 la
1338 3343 1508 3430 giomata,
1531 3364 1598 3409 con

366 3459 424 3545 pih
445 3457 667 3546 dispositione
689 3472 724 3529 et
745 3471 934 3548 augmento
954 3460 989 3527 di
1009 3481 1166 3546 persone,
1189 3481 1255 3526 con
1275 3461 1296 3526 l'
1313 3459 1409 3546 ajuto
1423 3459 1479 3526 del
1494 3461 1540 3528 N.
1557 3460 1596 3526 S.

366 3575 472 3654 lddio,
499 3574 531 3640 ei
555 3577 762 3643 sforzaremo
785 3553 1015 3644 demandare
1036 3576 1158 3643 alcuna
1179 3596 1324 3663 persona
1339 3597 1359 3640 a
1375 3576 1408 3641 la
1422 3596 1485 3641 sua
1501 3574 1598 3657 citti,

366 3691 467 3774 quale
483 3690 602 3776 pareri
621 3691 808 3758 convenire
825 3692 857 3758 al
874 3690 1018 3758 servizio
1034 3692 1079 3760 de
1093 3689 1161 3759 Dio
1176 3701 1212 3758 et
1228 3689 1346 3778 obligo
1363 3699 1480 3757 nostro
1500 3711 1601 3757 verso

367 3805 402 3872 di
420 3807 550 3890 quella.
572 3806 612 3874 In
630 3817 751 3894 questo
774 3828 904 3888 mezzo,
924 3805 1126 3894 preghiamo
1141 3806 1174 3875 le
1190 3806 1277 3875 Srie.
1303 3807 1347 3873 V.
1374 3804 1546 3872 accettino
1569 3806 1603 3870 la

421 3975 434 4006 ⁸
472 3976 610 4030 Iteratur
622 3975 675 4030 hoe
689 3975 813 4032 verbum
826 3974 859 4029 in
874 3992 928 4032 ms.

425 4132 432 4161 ¹
471 4127 514 4180 Ex
525 4125 672 4198 originali,
687 4127 717 4183 in
727 4126 846 4182 archivo
860 4136 980 4182 senatus
993 4127 1323 4199 parmensislArchivio
1332 4127 1383 4183 dal
1393 4127 1560 4200 Municipio
1569 4127 1605 4182 di

370 4215 513 4282 Formo).
530 4216 636 4271 Exstat
648 4217 857 4288 apographum,
872 4232 910 4270 ex
922 4215 1083 4288 archetypo
1095 4214 1287 4288 descriptum,
1301 4225 1332 4272 et
1341 4217 1430 4288 longa
1439 4215 1605 4272 attestatio·

371 4321 408 4357 ne
427 4301 620 4374 quorumdam
639 4303 750 4359 civium
770 4304 967 4376 parmensium
986 4313 1017 4359 et
1033 4303 1131 4375 sigillo
1148 4303 1278 4360 civitatis
1296 4306 1458 4376 munitum,
1478 4306 1509 4360 in
1529 4303 1604 4360 Coti.

380 4393 491 4460 Vitelt„
514 4411 543 4451 n.
570 4394 631 4462 165.
654 4392 845 4466 Hispanicum
865 4392 945 4450 illius
967 4392 1134 4448 versionem
1159 4394 1251 4450 hahes
1276 4394 1305 4450 in
1332 4392 1405 4450 Cod.
1430 4395 1605 4458 Monetam,

372 4483 424 4536 lib.
445 4483 495 4552 111,
514 4499 543 4538 n.
565 4482 844 4553 1o.-Meucuici,
864 4482 920 4538 lib.
941 4482 992 4554 111,
1013 4483 1262 4556 n.X11;Bou1x,
1283 4501 1313 4542 n.
1336 4481 1457 4551 XCV113
1483 4481 1606 4552 cartas,

372 4590 401 4626 n.
417 4572 575 4632 CCLXIIl.

424 4664 436 4696 ¹
472 4660 572 4718 Guido
592 4660 738 4717 Ascanius
757 4660 877 4734 Sfortia,
895 4660 1052 4718 cardinalis
1065 4660 1192 4717 Sanctae
1210 4663 1326 4732 Florae,
1344 4661 1427 4718 Pauli
1445 4663 1485 4717 111
1502 4679 1606 4736 nepos.

375 4751 556 4822 Pouiucus,
572 4749 611 4823 11,
626 4751 686 4820 167.
