3634 5417
600 474 1121 549 Erisr.3147.—7Jruuan111553
1386 493 1437 551 59¹
1488 550 1491 555 ¹
1569 537 1574 545 ,

244 628 331 697 bene
346 630 412 697 che
428 630 463 695 in
481 652 557 699 essa
571 628 601 695 si
618 631 703 702 sari.
721 632 774 698 De
789 629 851 717 piu
867 629 984 711 etiam,
1006 653 1068 718 per
1089 632 1122 699 la
1136 632 1323 699 medesima
1339 634 1474 701 charita

240 755 275 809 ct
291 744 517 812 beneficentia
533 746 576 811 de
592 746 635 812 V.
655 744 738 814 Stia
758 744 804 811 mi
819 748 838 812 ὁ
855 766 957 831 parso
972 768 1066 815 esser
1089 746 1112 812 il
1130 759 1246 813 nostro
1270 747 1388 815 debito
1409 748 1475 815 che

240 860 272 928 le
289 859 600 927 communichiamo
620 871 710 929 tutte
733 862 766 929 le
782 860 893 947 gratie
914 874 950 929 et
964 862 1077 929 meriti
1090 861 1126 928 di
1147 863 1242 930 detta
1259 863 1474 949 Compagnia

241 973 276 1041 in
294 988 384 1041 tutto
401 975 424 1040 il
440 975 567 1042 mondo
588 996 718 1062 sparsa,
737 974 760 1041 il
776 976 842 1043 che
864 996 929 1043 con
946 974 968 1041 li
988 976 1195 1045 benefattori
1214 975 1392 1064 principali
1413 1000 1479 1045 soa

240 1091 368 1177 gliamo
385 1090 468 1171 fare,
494 1090 529 1157 in
554 1092 656 1167 modo
677 1093 740 1157 che
757 1092 801 1159 de
818 1102 908 1157 tutto
924 1102 1054 1176 quanto
1075 1092 1181 1161 fauno
1196 1104 1231 1161 et
1253 1092 1431 1179 patiscono
1448 1094 1472 1159 li

239 1206 360 1286 nostri,
379 1206 617 1293 douesinoglia
633 1208 698 1275 che
714 1206 742 1273 si
759 1206 937 1287 ritrouino,
957 1208 1002 1273 V.
1016 1207 1105 1276 Sria.
1120 1206 1284 1294 participe
1296 1208 1320 1273 il
1333 1208 1468 1289 merito,

240 1320 274 1385 in
292 1333 421 1406 quanto
437 1322 493 1389 noi
510 1321 681 1409 possiamo
697 1342 763 1389 con
779 1322 927 1410 speciale
942 1322 1170 1409 applicatione
1186 1321 1468 1390 communicatio:

239 1450 274 1505 et
289 1438 318 1505 si
334 1437 368 1503 di
385 1449 508 1522 qucsto
526 1460 570 1505 ne
587 1438 687 1505 uorrai
706 1460 774 1505 una
790 1448 942 1523 patente,
962 1438 995 1503 la
1011 1440 1175 1506 mandaro
1192 1440 1217 1504 ¹.

307 1553 409 1620 Circa
425 1553 448 1619 il
465 1553 543 1633 sit0,
563 1564 598 1618 et
615 1554 716 1620 modo
737 1553 923 1620 dextrattar
943 1554 976 1619 d'
998 1556 1057 1620 un'
1079 1554 1167 1621 altro
1187 1554 1330 1641 luogho,
1356 1550 1471 1620 scriuo

238 1667 294 1735 alli
310 1667 417 1734 nostri
433 1670 463 1735 s’
483 1668 741 1736 accommodino
757 1669 788 1737 al
806 1690 905 1757 parer
920 1669 964 1757 de
981 1670 1025 1736 V.
1044 1669 1143 1748 Sria1‚
1160 1691 1264 1739 senza
1279 1668 1335 1735 cui
1349 1669 1471 1735 uolon-

239 1783 273 1848 ta
291 1805 360 1851 non
376 1805 414 1851 sc
430 1785 555 1869 partiri
578 1784 622 1849 de
645 1786 789 1853 Ferrara
812 1784 836 1849 il
860 1786 963 1851 Mtro.
990 1782 1165 1851 Giouanni
1190 1782 1401 1864 Pellettari0‚
1426 1786 1471 1851 mi

239 1899 353 1965 alcun'
372 1900 457 1965 altro
474 1900 505 1965 al
523 1910 618 1986 poter
635 1898 715 1981 mio,
734 1900 831 1967 suora
846 1900 891 1969 de
906 1900 975 1965 don
989 1898 1135 1967 Battista
1148 1900 1173 1986 ²,
1188 1901 1267 1979 che,
1284 1920 1346 1987 per
1361 1899 1382 1964 l’
1396 1899 1470 1965 offi-

240 2013 287 2079 tio
304 2035 368 2080 suo
385 2014 427 2081 de
443 2013 688 2095 commissario,
708 2015 754 2081 tal
771 2015 865 2081 uolta
881 2017 1008 2081 hauera
1024 2015 1068 2079 de
1086 2012 1204 2081 uisitar
1219 2012 1297 2080 altri
1318 2013 1467 2099 collegii3

238 2150 292 2195 ma
308 2131 341 2195 la
356 2150 418 2197 sua
435 2128 617 2197 residentia
635 2130 693 2216 piri
712 2130 819 2195 ferma
835 2132 913 2196 sarai
933 2128 968 2195 in
985 2129 1139 2197 Ferrara.

306 2246 348 2311 Et
364 2266 432 2311 non
456 2246 554 2327 altr0,
578 2266 704 2312 senon
727 2245 832 2310 molto
857 2246 1156 2311 raccomandarme
1176 2244 1232 2309 all’
1256 2241 1403 2311 orationi
1425 2245 1470 2310 de

241 2361 285 2427 V.
305 2360 409 2442 Stia,
427 2382 447 2427 e
464 2346 587 2447 pregar
605 2360 701 2427 Iddio
719 2362 762 2427 N.
783 2360 819 2428 S.
836 2382 857 2425 a
870 2358 950 2425 tutti
962 2360 1113 2428 conceda
1125 2359 1237 2447 gratia
1249 2362 1292 2426 de
1303 2380 1469 2428 conoscer

239 2490 272 2543 et
289 2476 443 2563 esseguir
460 2498 594 2562 sempre
610 2497 672 2543 sua
688 2486 786 2542 santa
805 2476 958 2541 uolunta.

304 2594 358 2660 De
373 2594 482 2659 Roma
500 2609 519 2675 7
536 2592 571 2658 di
587 2592 726 2659 Genaro
747 2606 830 2675 1553
848 2602 874 2660 ⁸.
927 2657 929 2660 .

304 2709 395 2774 Tuto
412 2710 454 2777 de
472 2709 515 2803 V.
536 2706 625 2777 Sria.
642 2708 698 2775 nel
715 2706 862 2795 Signore
878 2718 1010 2788 nostro,
1076 2788 1079 2793 p

1120 2821 1288 2891 lemno.

301 2940 496 3025 Inscriptio.
516 2940 587 3006 ihs,
602 2936 616 2977 ¹³
629 2938 708 3004 Alla
721 2939 827 3007 molto
838 2936 1023 3025 magnifica
1030 2934 1174 3023 'signora
1187 2935 1255 3001 mia
1267 2936 1322 3004 nel
1335 2933 1463 3023 Signor

235 3066 354 3122 nostro
370 3056 516 3121 madona
534 3052 641 3121 Maria
657 3053 713 3121 del
729 3054 852 3136 Gesse,
870 3055 898 3121 F
900 3063 1023 3132 attora,
1041 3052 1077 3119 in
1094 3054 1237 3119 Ferrara
1253 3062 1277 3117 ².

286 3238 300 3266 α
336 3222 372 3277 [η
387 3224 529 3294 margine
542 3221 672 3276 alterius
685 3221 825 3293 exerupli,
839 3238 854 3277 e
867 3221 990 3293 regione
1003 3220 1192 3291 sequentium
1203 3218 1374 3273 uerborum.
1385 3220 1468 3289 Que-

234 3319 280 3366 sto
293 3312 310 3367 ὲ
323 3312 353 3367 di
367 3328 452 3367 mano
465 3302 513 3367 del
528 3312 594 3367 Bto.
610 3309 715 3365 Padre.
753 3312 803 3353 -b
819 3310 907 3365 Deest
920 3311 953 3363 in
963 3309 1061 3364 altero
1073 3309 1219 3380 exemplo.
1294 3320 1307 3349 0
1320 3308 1357 3361 Iri
1369 3307 1469 3362 altero

233 3400 367 3473 exernplo
380 3402 451 3456 hoec
463 3400 593 3455 additur
605 3400 768 3454 attestatio.
788 3398 940 3453 Ferrarine
957 3397 1006 3453 die
1021 3396 1137 3453 decima
1154 3395 1223 3451 Maii
1244 3394 1322 3465 1723.
1342 3396 1406 3466 Ego
1426 3395 1469 3449 iu·

234 3488 405 3561 frascriptus
425 3487 511 3543 fidem
531 3486 607 3543 facio
626 3497 779 3560 utramque
793 3488 948 3559 epistolam
962 3486 994 3541 S.
1010 3488 1042 3543 P.
1063 3486 1182 3557 Ignatii,
1197 3485 1315 3557 quaein
1328 3485 1383 3540 hoc
1396 3482 1469 3539 folio

233 3578 412 3648 continetur,
426 3576 597 3632 fidelissime
610 3575 788 3647 descriptam
801 3592 869 3631 esse
882 3593 919 3630 ex
933 3574 1123 3647 autographis
1137 3574 1210 3635 suis.
1224 3591 1300 3647 quae
1318 3572 1469 3644 argenteis

233 3667 264 3723 in
277 3666 371 3723 thecis
384 3666 432 3721 hic
445 3673 646 3733 esseruantur,
657 3674 687 3719 et
698 3663 806 3735 passim
818 3664 854 3719 ad
865 3662 996 3719 infirmos
1006 3663 1189 3721 deferuntur.
1202 3664 1235 3717 lu
1245 3679 1369 3734 quorum
1378 3660 1468 3715 fidem

233 3757 285 3811 has
299 3756 409 3820 literas,
424 3772 511 3809 manu
526 3769 590 3806 men
602 3752 784 3825 subscriptas
798 3761 829 3807 et
841 3753 939 3817 sinino
956 3752 1073 3822 collegii
1093 3752 1180 3822 hujus
1194 3750 1334 3821 munitas,
1351 3748 1469 3807 dedi.—

235 3844 371 3899 Nicolaus
386 3842 475 3897 Maria
488 3842 643 3897 Guinisius
657 3844 688 3899 S.
704 3842 744 3913 J.,
759 3851 855 3897 rector
868 3840 987 3914 collegii
1001 3839 1197 3896 ferrariensis.

287 3930 518 4005 [Locussigilli.]

286 4082 296 4113 ¹
335 4076 474 4133 «Miserat
496 4075 528 4133 P.
554 4074 686 4145 ignatius
705 4074 742 4129 ad
761 4074 837 4131 hanc
856 4074 934 4145 piam
954 4082 1150 4131 matronam...
1170 4068 1467 4127 communicationem

234 4169 376 4223 bonorum
390 4166 559 4235 Societatis,
571 4162 649 4237 quod
664 4164 713 4219 illa
725 4162 835 4219 donum
848 4171 881 4218 ut
896 4164 1065 4218 thesaurum
1080 4160 1251 4230 maximum,
1266 4176 1333 4214 cum
1352 4174 1468 4214 summa

231 4256 392 4327 gratiarum
405 4254 520 4311 actione
534 4253 676 4325 accepit.»
692 4252 872 4323 POLANCUS,
890 4250 1016 4317 Chron„
1030 4252 1080 4322 111,
1096 4249 1157 4321 139.

287 4346 298 4377 ³
331 4347 461 4416 Joannes
474 4346 540 4399 Bta.
554 4342 649 4402 Viola.
