3634 5417
810 523 1017 578 Monaesum
1038 522 1213 577 laustinus

956 733 1064 814 3⁰58
1266 798 1273 806 .

531 872 795 942 Funuctsco
830 873 893 939 DE
928 873 1195 941 assumtio
1230 871 1293 939 ux
1327 848 1479 940 cou'u.

791 1017 879 1062 noun
892 1002 1102 1060 3nucrusn1s
1116 1009 1185 1074 1552
1197 1004 1218 1059 ¹.

575 1131 753 1202 Superiores
770 1131 888 1187 litteras
903 1129 1162 1202 confirmat-De
1177 1131 1298 1186 doctore
1319 1129 1439 1197 Otooio.

458 1255 761 1362 [Fiorenze.]-6.⁰
777 1257 898 1326 Scriuo
914 1258 946 1323 al
961 1257 1023 1324 Dr.
1042 1256 1215 1325 Astudillo
1227 1256 1462 1323 confirmando
1476 1255 1509 1322 lo
1520 1254 1615 1321 scrit-

394 1385 440 1453 to,
458 1385 493 1440 et
509 1373 672 1459 parlando
688 1372 743 1440 del
759 1373 822 1441 Dr.
841 1371 953 1440 Olaue
969 1373 994 1440 ⁸.

908 1545 1014 1625 3⁰58
1035 1539 1081 1596 ¹³¹¹

560 1685 954 1754 Fusumscus
992 1653 1071 1752 De
1100 1685 1457 1754 assumito

670 1819 810 1875 PATRI
838 1817 1010 1890 JOANNI
1037 1819 1095 1873 DE
1125 1815 1343 1876 POLANCO

721 1947 902 1992 rcouaurra
924 1947 954 1989 11
976 1947 1155 1991 nrceuanrs
1177 1946 1245 2003 1552
1267 1935 1288 1992 ¹.

428 2054 562 2124 Acceptis
575 2052 686 2107 litteris
699 2049 827 2124 officiose
840 2057 868 2107 et
880 2057 1024 2106 amanter
1036 2051 1436 2123 respondet-Summum
1458 2052 1567 2114 uitam,

533 2142 654 2212 qualem
668 2140 820 2196 Polaticus
833 2139 895 2214 ipsi
904 2140 1059 2212 proponit,
1073 2141 1217 2212 amplecti
1229 2142 1364 2195 nortdum
1377 2141 1477 2199 audet.

993 2265 1016 2354 1

853 2409 929 2483 Muy
952 2403 1033 2468 Rdo.
1052 2412 1154 2468 sebur.

452 2509 497 2566 La
512 2526 567 2583 paz
581 2526 600 2581 y
615 2508 717 2584 gracia
732 2507 772 2566 de
787 2513 915 2565 nuestro
926 2510 1020 2566 scitor
1031 2508 1107 2580 Jesu
1119 2507 1175 2567 >t⁰
1193 2525 1300 2567 cresco
1313 2525 1353 2566 en
1372 2517 1516 2567 nuestros
1534 2525 1621 2566 cota-

391 2631 494 2690 eones.

450 2720 518 2780 Con
534 2723 579 2779 las
594 2722 652 2778 dos
667 2729 767 2780 cartas
782 2720 822 2779 de
837 2721 874 2780 V.
890 2722 926 2779 R.
943 2739 960 2780 e
974 2724 1138 2782 rreceuido
1152 2723 1334 2782 instruction
1348 2741 1369 2799 y
1389 2722 1585 2781 consolation
1598 2720 1619 2793 ³,

390 2848 407 2904 y
424 2846 483 2888 con
495 2829 523 2886 la
538 2829 750 2886 continuatidn
776 2845 888 2904 espero
903 2845 943 2885 en
957 2830 986 2886 el
1011 2829 1118 2903 senor,
1143 2848 1204 2905 que
1229 2847 1288 2888 nos
1301 2832 1386 2888 iunta
1398 2847 1420 2904 y
1432 2846 1494 2887 une
1508 2847 1570 2888 con
1585 2847 1621 2887 su

389 2937 528 3013 espiritu‚
544 2953 604 3008 que
620 2937 649 2992 la
662 2935 810 2994 rreciuire
824 2935 939 2993 mucho
953 2938 1060 3009 maior,
1074 2957 1095 3012 y
1108 2937 1234 3015 tingole
1253 2955 1293 2996 en
1312 2937 1436 3011 merced
1456 2937 1503 2995 los
1520 2943 1621 2994 rratos

389 3062 450 3118 que
467 3045 494 3101 la
509 3043 655 3102 cbaridad
670 3044 698 3100 le
715 3041 848 3100 suerzad
865 3042 978 3118 perdet
1002 3045 1157 3121 conmigo.
1182 3045 1290 3102 Llamo
1304 3044 1427 3118 perder,
1441 3061 1562 3119 perque
1581 3061 1620 3101 en

392 3157 433 3209 mi
447 3168 487 3207 no
510 3169 548 3223 ay
573 3149 805 3208 merecimiento
819 3167 892 3223 para
906 3157 1002 3209 tanto.
1018 3150 1086 3210 Mas
1100 3167 1159 3210 con
1174 3150 1221 3210 los
1232 3151 1328 3209 dacos
1342 3160 1480 3210 muestra
1490 3152 1519 3210 el
1533 3169 1623 3209 amor

440 3328 447 3360 ¹
487 3327 529 3380 Ex
543 3325 645 3384 codice
659 3326 778 3398 Regest.
793 3325 819 3390 1,
834 3325 884 3382 fol.
899 3324 960 3396 87r,
976 3341 1052 3399 vers.
1067 3324 1117 3396 43.
1131 3325 1307 3399 Scriptionis
1319 3334 1436 3398 tempus
1448 3334 1565 3383 constat
1582 3343 1620 3382 ex

387 3415 510 3489 epistola
523 3413 605 3469 3003.

438 3511 449 3539 ¹
487 3503 563 3559 Vide
576 3503 730 3574 epistolam
748 3511 932 3575 sequentem,
952 3519 1028 3576 quae
1046 3503 1198 3575 responsio
1214 3501 1251 3558 ad
1265 3511 1436 3575 praesentes
1448 3504 1573 3574 litteras,
1588 3513 1620 3559 et

386 3593 423 3649 ad
436 3593 507 3649 alias
520 3605 554 3660 27
568 3590 696 3662 Augusti
712 3603 779 3661 1552
793 3589 962 3663 promissas,
976 3592 1166 3662 probabiliter
1178 3609 1245 3648 esse
1258 3592 1386 3648 videtur.

439 3774 447 3805 ¹
486 3772 531 3825 Ex
544 3770 736 3841 autographo,
749 3769 780 3824 in
792 3768 894 3824 codice
909 3769 1005 3841 Epist.
1020 3769 1147 3839 Mixtus,
1166 3782 1328 3841 1551-1552,
1346 3788 1377 3828 n.
1398 3771 1458 3838 181,
1473 3770 1551 3842 prius
1568 3769 1618 3839 31,

386 3861 495 3933 duplici
509 3859 592 3928 folio,
605 3861 697 3914 altero
711 3875 792 3931 puro.

438 3955 450 3985 ¹
488 3951 521 4004 ln
535 3947 660 4020 epistola
673 3947 755 4018 2821,
768 3947 817 4003 die
830 3960 865 4018 27
879 3947 1009 4018 Augusti
1022 3946 1102 4015 data,
1125 3948 1208 4018 plura
1220 3965 1254 4003 se
1276 3947 1453 4021 scripturum
1469 3948 1616 4004 Polaticus

388 4037 536 4094 Astudillo
549 4037 751 4108 pollicebatur,
767 4036 791 4092 si
805 4035 853 4092 hic
867 4039 1054 4110 permitteret
1068 4036 1256 4109 juberetque:
1271 4055 1322 4092 «se
1340 4036 1380 4092 mi
1397 4035 1434 4092 di
1452 4035 1571 4092 licentia
1583 4046 1615 4093 et

387 4131 415 4183 lo
428 4125 597 4184 comenda».
612 4125 822 4180 Existimamus
837 4125 1018 4181 Astudillum
1032 4133 1065 4180 ut
1079 4125 1223 4180 Polancus
1236 4124 1379 4181 scriberet
1392 4141 1524 4196 rogasse,
1536 4125 1615 4181 litte·

386 4233 490 4288 casque
504 4218 582 4270 bunc
596 4213 785 4286 ponderosas,
800 4215 900 4270 multis
914 4215 1097 4286 argumentis
1110 4213 1244 4281 refertas,
1262 4213 1392 4284 dedisse,
1410 4212 1519 4287 quibus
1536 4231 1614 4271 nunc

386 4305 551 4360 Astudillus
564 4303 732 4375 respondet.
747 4303 815 4358 Illas
830 4319 900 4357 vero
912 4303 1029 4359 Polanci
1043 4303 1167 4373 litteras,
1181 4317 1215 4372 27
1229 4304 1359 4374 Augusti
1369 4303 1538 4375 promissas,
1555 4319 1613 4358 non

386 4393 524 4464 vidimus,
540 4393 596 4447 nisi
610 4393 776 4465 superiores
794 4392 865 4462 sint,
884 4391 1089 4464 praesentibus
1108 4389 1266 4463 praefixae,
1284 4390 1362 4464 quod
1380 4401 1480 4447 tamen
1498 4409 1535 4446 ex
1546 4391 1613 4464 ipso

385 4483 543 4538 summario
561 4482 660 4552 colligi
680 4498 738 4537 non
755 4480 884 4539 videtur.
908 4481 1065 4537 Caeterum
1086 4479 1158 4534 illud
1180 4497 1218 4534 ex
1236 4479 1370 4552 epistolis
1384 4480 1463 4536 ultro
1480 4481 1613 4553 citroque

384 4573 480 4626 missis
494 4571 604 4643 liquido
626 4577 757 4642 apparet,
772 4569 903 4625 voluisse
922 4587 1028 4640 nempe
1048 4569 1222 4641 Polemoni,
1239 4570 1376 4640 exemplo
1393 4567 1494 4626 Olavii
1511 4585 1613 4642 propo-

382 4663 449 4727 sito,
462 4653 608 4715 adducere
620 4659 798 4714 Astudillurn
812 4657 848 4713 ad
862 4658 1068 4731 perfectiorem
1084 4658 1175 4712 vitam
1198 4657 1420 4730 capessendam,
1440 4674 1497 4714 nec
1514 4667 1611 4715 tamen

384 4753 421 4806 ab
435 4749 582 4806 Astudillo
597 4749 626 4804 id
637 4751 820 4821 impetrasse.
