3634 5417
782 516 990 596 Monunrnrn¹
1007 517 1211 573 lenimina,
1305 540 1309 545 -
1375 527 1381 533 ·

935 726 1041 806 3259

683 858 822 925 PATRI
846 856 1063 925 ADRIANO
1089 856 1298 941 ADRtANt

765 1001 853 1045 sous
866 1004 902 1045 22
915 1002 1088 1046 rnnounnn
1102 989 1171 1060 1553
1186 993 1207 1045 ¹.

435 1114 439 1121 '
494 1114 690 1187 Praepositae
699 1114 849 1169 sociorum
860 1113 991 1196 Lovonii
1003 1114 1258 1170 commorantium
1271 1116 1480 1170 renuntiatur.

437 1240 592 1329 ignatius
608 1242 652 1309 de
667 1240 809 1325 Loyola,
827 1239 1009 1308 societatis
1019 1242 1105 1331 Jesu
1120 1240 1334 1326 praepositus
1350 1240 1539 1326 generalis.
1649 1311 1655 1322 ,

437 1356 571 1425 Dilecto
594 1356 629 1421 in
652 1356 718 1423 X.⁰
745 1353 840 1423 fratri
867 1358 960 1443 Mag.
989 1354 1143 1423 Adriano
1169 1354 1325 1436 Adriani,
1354 1353 1608 1441 antuerpiensi,

370 1472 562 1559 praeposito
578 1471 731 1539 eiusdem
747 1470 930 1541 Societatis
944 1471 1108 1561 Louanii,
1120 1472 1266 1559 salutem
1281 1470 1324 1537 in*
1338 1471 1488 1539 Domino
1511 1492 1609 1539 sem·

370 1588 555 1675 piternam.

439 1704 527 1771 Cum
545 1714 578 1771 te
594 1700 744 1789 pridem,
759 1714 796 1769 ut
812 1702 911 1769 nobis
925 1702 1112 1799 apostolica
1127 1704 1227 1791 sedes
1242 1702 1424 1783 concessit,
1442 1701 1480 1767 in
1501 1722 1614 1769 curae

340 1814 342 1817 ’
371 1842 412 1888 ac
432 1820 546 1887 oneris
565 1818 671 1885 nostri
693 1830 822 1905 partem
843 1818 1054 1898 asciscendo
1082 1818 1314 1906 praepositum
1336 1816 1521 1887 societatis
1549 1839 1613 1884 no·

371 1948 462 2003 strae
486 1932 630 2002 Louanii
652 1934 883 2003 creauerimus
906 1956 947 2001 ac
969 1934 1269 2016 declarauerimus3
1295 1955 1444 2020 cumque
1471 1933 1508 2001 in
1531 1934 1613 2003 dies

371 2051 503 2139 gratiae
514 2049 575 2116 tibi
588 2074 608 2117 a
619 2049 767 2117 Domino
779 2050 880 2123 datae
891 2044 1133 2136 experimentis
1146 2060 1298 2117 nostram
1314 2050 1358 2116 de
1373 2071 1414 2116 ea
1429 2049 1611 2117 existima-

372 2166 499 2234 tionem
527 2186 567 2233 ae
594 2164 755 2231 fiduciam
779 2166 961 2239 confirmes
987 2176 1023 2234 et
1049 2169 1191 2252 augeas,
1220 2165 1334 2241 uisum
1362 2177 1415 2233 est
1442 2164 1543 2231 nobis
1573 2164 1610 2233 in

372 2282 522 2349 Domino
534 2280 695 2367 expedire
708 2291 746 2347 ut
758 2301 888 2363 curam,
902 2279 1066 2367 officium,
1078 2291 1282 2367 potestatem
1293 2279 1610 2367 auctoritatemque

372 2418 509 2464 omnem
526 2394 587 2462 tibi
600 2396 695 2482 prius
709 2416 908 2464 concessam
920 2396 1212 2478 confirmaremus;
1226 2406 1261 2462 et
1272 2395 1355 2481 quia
1369 2418 1430 2481 per
1446 2410 1480 2461 te
1491 2396 1610 2481 ipsum

375 2524 443 2581 tam
459 2513 567 2578 multa
583 2532 725 2580 munera
740 2510 836 2579 obire
855 2533 925 2579 non
946 2522 1055 2599 potes,
1080 2510 1125 2578 ad
1144 2511 1288 2579 aliorum
1309 2510 1608 2594 substitutionem,

372 2638 542 2715 quatenus
565 2626 599 2693 id
621 2638 658 2692 tu
681 2626 874 2693 faciendum
895 2628 1115 2712 iudicaueris,
1136 2627 1412 2696 extenderemus.
1431 2628 1483 2693 Te
1497 2624 1611 2713 igitur

372 2742 407 2809 in
423 2741 561 2811 nomine
576 2740 653 2810 Dni.
672 2742 715 2811 N.
730 2743 816 2831 Jesu
831 2740 973 2823 Christi,
992 2754 1063 2810 tam
1078 2743 1114 2809 in
1133 2764 1217 2811 cura
1237 2754 1272 2812 et
1294 2741 1421 2822 officio,
1441 2762 1546 2827 quam
1572 2741 1611 2809 in

372 2869 543 2947 potestate
569 2869 604 2925 et
626 2858 839 2937 auctoritate¹
853 2858 1036 2945 praedictis
1059 2838 1305 2938 confirmando,
1331 2869 1370 2924 ut
1392 2856 1490 2938 alios,
1516 2878 1610 2942 quos

278 3042 284 3059 ,
373 2973 498 3060 dignos
514 2972 700 3054 censueris,
718 2994 762 3040 ex
778 2973 831 3055 iis,
849 2974 908 3059 qui
929 2977 994 3040 sub
1015 2987 1075 3041 tua
1094 2973 1290 3043 obedientia
1305 2986 1399 3055 sunt,
1423 2972 1611 3058 quibusuis

374 3087 585 3157 antistitibus
604 3088 750 3175 gratiam
770 3100 805 3155 et
825 3088 1100 3157 communionem
1116 3089 1430 3175 sedisapostolicae
1447 3087 1612 3155 habenti·

374 3206 451 3286 bus,
467 3214 505 3271 ut
517 3206 560 3272 ad
573 3226 693 3275 omnes
705 3205 761 3273 uel
774 3204 920 3290 aliquos,
935 3204 1037 3273 etiam
1049 3226 1165 3272 sacros
1177 3216 1212 3271 et
1223 3205 1504 3291 praesbyteratus
1514 3203 1613 3269 ordi·

373 3342 435 3392 nes
449 3331 731 3408 promoueantur,
750 3330 959 3407 presentare,
978 3331 1012 3388 et
1034 3319 1083 3388 eis
1098 3319 1228 3405 gratias
1243 3332 1278 3385 et
1294 3317 1475 3406 priuilegia
1489 3316 1612 3387 Socie-

374 3436 438 3505 tati
460 3457 522 3524 per
541 3434 724 3522 praepositi
746 3435 917 3523 generalis
931 3434 1187 3522 dispositionem
1203 3413 1379 3519 concessa,
1392 3446 1494 3520 prout
1509 3434 1614 3501 nobis

375 3542 563 3639 apostolica
578 3554 677 3620 sedes
694 3551 824 3633 tribuit,
843 3550 957 3618 omnia
975 3553 1030 3619 uel
1045 3551 1159 3638 aliqua
1174 3551 1326 3637 ipsorum
1339 3550 1610 3635 communicare,

376 3679 411 3738 et
427 3670 546 3737 eadem
563 3688 738 3748 reuocare,
756 3678 792 3737 et
807 3658 884 3748 alii,
903 3689 991 3753 quae
1008 3666 1086 3733 usui
1101 3668 1244 3734 fratrum
1261 3688 1323 3735 seu
1339 3666 1479 3753 collegii
1498 3666 1611 3733 nostri

376 3786 411 3850 in
435 3783 583 3851 Domino
605 3782 767 3869 expedire
790 3782 1012 3863 uidebuntur,
1038 3783 1151 3851 facere
1167 3780 1297 3868 possis,
1324 3782 1523 3850 facultatem
1545 3804 1614 3849 no·

376 3911 481 3967 stram
498 3899 559 3966 tibi
575 3897 799 3985 impartimur;
817 3920 1065 3985 precamurque
1081 3909 1254 3965 aeternam
1270 3897 1470 3984 sapientiam
1488 3908 1524 3966 et
1546 3898 1614 3963 bo·

326 4051 343 4066 -»
378 4015 533 4096 nitatem,
558 4027 598 4080 ut
624 4016 688 4081 hae
716 4012 919 4081 auctoritate
946 4014 989 4078 ad
1012 4012 1119 4099 ipsius
1142 4012 1288 4099 gloriam
1311 4025 1347 4080 et
1370 4006 1548 4094 honorem,
1574 4026 1613 4079 et

377 4129 638 4198 commissorum
660 4129 721 4195 tibi
743 4130 885 4196 fratrum
906 4126 1177 4197 aedificationem
1202 4139 1237 4198 et
1259 4127 1471 4214 spiritualem
1493 4130 1612 4215 profe-

379 4260 474 4314 ctum
492 4246 610 4314 utaris.
630 4247 758 4315 Amen.

446 4365 575 4430 Datum
604 4364 743 4442 Romae,
767 4362 802 4441 in
830 4360 973 4427 aedibus
999 4358 1182 4429 Societatis
1202 4362 1301 4448 Jesu,
1324 4360 1433 4427 vnto
1451 4346 1613 4440 catenans

381 4478 494 4546 Martii
515 4495 612 4563 1553.
1445 4542 1449 4549 .

453 4595 586 4661 Titulus
603 4594 641 4659 in
657 4594 833 4683 margine.
852 4594 990 4662 Creatio
1006 4593 1041 4662 in
1057 4590 1290 4679 praepositum
1307 4592 1474 4659 Louanii,

380 4706 577 4719 h——w

433 4746 440 4776 ¹
480 4746 524 4801 Ex
537 4747 715 4819 apographo,
729 4746 759 4801 in
771 4745 873 4802 codice
887 4746 1011 4803 Deerat.
1027 4750 1055 4801 et
1067 4744 1178 4820 insin,
1191 4744 1241 4803 fol.
1255 4742 1316 4815 37r.
