3634 5417
618 512 724 567 Ertsr.
743 508 896 581 2347.-12
916 512 1158 582 Jnuttemttssz
1434 507 1470 578 87

269 661 436 749 palatino,
456 662 571 731 Rheni
587 673 623 731 et
639 662 816 749 utriusque
826 662 1002 745 ⁴Bauariae
1018 663 1111 745 duci,
1129 663 1268 754 domino
1284 684 1362 731 meo
1380 662 1416 728 in
1437 662 1502 731 X.⁰

270 776 594 847 observandissimo.

835 950 942 1030 2347

702 1090 814 1159 DUCI
836 1089 1076 1159 BAVARIAE
1122 1089 1126 1097 ’

645 1244 741 1289 noun
755 1230 802 1305 [η
820 1244 967 1301 Jruurnn
988 1212 1093 1303 1552?]'
1109 1232 1128 1288 ¹.
1198 1257 1201 1266 ·

378 1368 462 1423 Idem
480 1362 701 1441 argumentum
715 1369 859 1441 epistotae
873 1370 1051 1441 superioris,
1066 1368 1173 1425 leviter
1185 1371 1395 1425 immutatum.

834 1504 932 1625 lhits

337 1708 440 1777 Ex.¹²¹⁰
456 1729 496 1775 ac
512 1710 625 1779 lllme.
642 1709 802 1797 princeps
818 1708 852 1775 in
870 1708 935 1777 X.⁰
948 1708 1269 1777 observandissime.

336 1823 457 1893 Gratia
473 1846 607 1892 summa
625 1837 660 1895 et
680 1836 821 1893 eternus
843 1846 939 1892 amor
959 1823 1086 1890 domini
1108 1824 1216 1892 nostri
1231 1826 1316 1913 Jesu
1332 1824 1390 1891 X)
1406 1839 1499 1891 tuam

269 1939 506 2007 excellentiam
519 1940 747 2027 spiritualium
760 1942 929 2007 donorum
941 1939 1113 2007 continuis
1124 1940 1278 2027 perficiat
1290 1941 1497 2026 augmentis.

338 2054 425 2123 Cum
443 2056 539 2125 hisce
559 2056 682 2123 diebus
700 2054 921 2143 accepissem,
939 2056 1046 2125 lllme.
1066 2057 1236 2142 princeps,
1254 2054 1386 2153 lit-teras
1406 2078 1424 2121 a
1444 2078 1500 2123 se-

269 2170 449 2239 renissimo
465 2192 551 2258 rege
567 2192 799 2253 romanorum,
813 2172 939 2258 quibus
953 2172 1042 2238 duos
1054 2170 1237 2240 Societatis
1252 2184 1388 2238 nostrae
1403 2174 1501 2239 theo-

269 2286 369 2373 logos
386 2288 430 2353 ad
451 2306 489 2353 se
505 2286 607 2369 mitti,
627 2299 666 2354 ut
681 2287 770 2355 inter
785 2298 922 2357 caetera
937 2286 1177 2373 compendium
1197 2287 1367 2372 quoddam
1384 2308 1501 2354 sacrae

269 2401 480 2489 theologiae,
494 2404 587 2487 quod
602 2402 638 2468 in
654 2403 763 2488 ipsius
778 2403 895 2490 regnis
913 2411 1030 2489 postea
1046 2402 1214 2488 predicari
1226 2402 1345 2489 possit,
1359 2403 1499 2470 concin-

267 2528 393 2585 narent
409 2518 434 2598 ³,
453 2519 604 2603 petebat3
623 2518 702 2586 licet
720 2518 814 2605 regia
829 2518 1072 2587 beneuolentia
1087 2530 1121 2585 et
1138 2517 1314 2585 beneficiis
1330 2518 1365 2583 in
1378 2517 1498 2585 Socie-
1533 2601 1536 2606 Ι

268 2643 374 2701 tatem
396 2644 548 2705 nostram
577 2632 779 2714 obstrictus,
803 2646 918 2702 tamen
938 2634 1051 2701 nullos
1072 2634 1201 2702 habere
1223 2654 1278 2700 me
1300 2634 1495 2719 theologos,

267 2746 326 2833 qui
347 2747 514 2814 committi
532 2762 684 2835 possent,
704 2749 874 2835 respondi,
897 2748 987 2815 sicut
1002 2770 1131 2834 paucos
1154 2759 1233 2815 ante
1256 2768 1392 2815 menses
1416 2759 1496 2815 tuae

268 2861 507 2943 excellentiae,
520 2863 663 2951 penuria
675 2863 870 2931 huiusmodi
887 2864 1128 2951 theologorum
1141 2874 1294 2946 coactus,
1312 2863 1495 2949 responde-

267 3000 351 3045 ram.
369 2979 458 3045 Cum
476 2989 603 3059 autem,
617 2980 677 3064 qui
688 2978 781 3067 regis
793 2979 939 3067 negocia
954 2978 1011 3045 hic
1023 2990 1144 3066 agunt,
1160 2978 1298 3050 aliunde
1310 3002 1379 3045 non
1391 3000 1494 3065 posse

268 3092 342 3161 eius
363 3094 532 3187 uoluntati
554 3094 712 3161 satisfieri
739 3094 1064 3176 animaduerterent,
1082 3116 1217 3162 summo
1237 3094 1391 3180 pontifici
1411 3115 1494 3182 sup·

264 3208 436 3295 plicarunt
454 3221 491 3277 ut
506 3210 595 3276 duos
611 3210 698 3289 illos,
717 3209 776 3295 qui
792 3208 994 3297 lngolstadii
1014 3221 1108 3290 sunt,
1126 3212 1170 3278 ad
1191 3228 1320 3297 regem,
1340 3222 1419 3278 tuae
1434 3232 1496 3277 ex-

266 3324 445 3393 cellentiae
460 3346 630 3407 socerum,
654 3348 691 3393 se
707 3328 862 3393 conferre
883 3326 1029 3393 iuberet.
1054 3326 1188 3394 Annuit
1208 3347 1365 3393 summus
1381 3326 1496 3413 ponti-

266 3440 334 3521 fex,
352 3452 387 3509 et
403 3440 485 3507 mihi
500 3463 561 3529 per
577 3462 685 3508 unum
702 3464 744 3511 ex
761 3440 993 3509 cardinalibus
1008 3464 1106 3537 suam
1130 3446 1344 3511 uoluntatem
1361 3442 1494 3528 signiti-

266 3554 371 3622 cauit.
401 3556 498 3625 Licet
525 3570 639 3625 autem
669 3578 730 3643 per
758 3570 876 3654 uotum
905 3570 1045 3627 nostrae
1071 3557 1293 3643 professionis
1322 3558 1494 3644 integrum

199 3652 204 3661 ⁸
264 3670 364 3738 nobis
379 3692 447 3738 non
465 3684 555 3738 esset
572 3670 695 3738 summi
712 3673 883 3759 pontificis
905 3686 940 3740 et
961 3672 1018 3741 Χ.ἰ
1039 3673 1157 3739 vicarii
1178 3673 1331 3740 missioni
1351 3694 1496 3740 excusa-

264 3785 392 3854 tionem
424 3788 627 3867 obtendere,
662 3786 891 3874 significando
924 3800 1038 3856 tamen
1074 3789 1166 3875 quod
1203 3788 1312 3855 nostri
1343 3788 1494 3876 theologi

262 3902 509 3989 Ingolstadium
534 3902 628 3969 missi
644 3914 772 3984 essent,
791 3918 829 3970 ut
851 3903 988 3990 collegii
1009 3903 1092 3970 inibi
1113 3902 1268 3990 erigendi
1290 3905 1501 3994 fundamen-¹

262 4026 297 4083 ta
316 4015 469 4086 iacerent
485 4020 512 4088 ³.

316 4198 325 4230 ¹
362 4196 406 4251 Ex
424 4197 604 4269 apographo,
619 4194 649 4251 in
670 4195 741 4253 Cod.
765 4197 876 4266 Vitari„
890 4216 920 4257 n.
939 4196 1004 4268 350,
1020 4198 1050 4253 i'n
1069 4214 1127 4269 quo
1146 4197 1247 4252 ultima
1266 4215 1332 4269 pars
1349 4198 1492 4268 epistolae

259 4282 457 4341 desideratur.
1070 4353 1072 4356 Ι
1358 4317 1360 4320 v

314 4371 326 4404 ¹
361 4372 474 4429 Notitia
486 4372 525 4429 de
542 4374 718 4447 compendio
731 4374 897 4446 theologiae
910 4376 1106 4447 conficiendo,
1119 4393 1177 4450 quo
1195 4375 1239 4431 uti
1257 4385 1361 4447 postea
1377 4374 1492 4430 concio·

259 4472 377 4519 natores
386 4460 540 4533 deberent,
555 4479 614 4519 non
625 4464 772 4532 reperitur
785 4466 815 4520 in
828 4466 981 4537 superiore
994 4466 1131 4538 epistola.
1146 4466 1232 4521 Aliae
1245 4467 1334 4521 etiam
1352 4462 1492 4519 differen-

259 4550 319 4609 tiae
330 4560 480 4621 notantur,
494 4568 532 4609 ex
543 4552 652 4626 quibus
669 4551 704 4609 fit
723 4553 915 4610 manifestum
933 4554 1074 4611 distincta
1096 4556 1277 4628 exemplaria
1295 4553 1400 4609 fuisse.
1419 4553 1492 4608 ldeo

260 4641 758 4714 utrumqueexhiberecensuimue.

312 4730 324 4764 ³
361 4728 486 4788 Caetera
506 4730 727 4805 desiderantur,
746 4734 824 4790 inter
846 4752 923 4807 quae
945 4735 1088 4809 temporis
1111 4735 1235 4792 notatio.
1259 4735 1383 4807 Propter
1405 4748 1492 4804 argu-
