3634 5417
608 497 710 572 unse.
732 511 887 582 2350.-1a
906 515 1059 584 Jauueau
1080 525 1147 582 ¹5⁵2
1423 511 1459 582 ⁸9

262 665 442 734 dissimum
460 688 576 756 regem
591 687 807 734 romanorum
823 665 1057 753 ‘intelligetie
1072 667 1184 733 visum
1195 679 1248 733 est
1259 686 1396 732 summo
1408 687 1494 755 pon·
1612 743 1617 750 ι

262 783 343 850 tifici
355 793 395 851 et
410 783 548 850 domino
564 794 683 850 nostro
700 782 800 850 vobis
815 783 859 849 ad
876 794 1013 868 tempus
1024 782 1060 848 in
1076 783 1222 872 gratiam
1234 783 1328 869 regis
1344 780 1490 850 Vienam

260 921 336 967 esse
347 897 645 986 commigrandum
664 903 685 963 ⁴.
703 899 832 967 Curate
849 898 1002 980 omnino,
1015 910 1054 964 vt
1067 896 1175 984 primo
1187 919 1325 984 quoque
1338 908 1491 984 tempore

260 1015 303 1080 ad
319 1029 472 1082 sanctam
489 1013 581 1082 sedis
597 1015 804 1101 apostolicae
820 1013 1017 1105 missionem
1035 1015 1230 1082 obeundam
1246 1034 1309 1080 vos
1331 1013 1491 1100 accinga-

260 1129 315 1212 tis;
333 1141 368 1198 et
389 1131 469 1217 quia
490 1153 554 1200 nec
574 1131 676 1200 decet
697 1151 760 1198 nec
782 1130 862 1200 licet
884 1131 985 1198 nobis
1004 1130 1226 1199 excusatione
1242 1130 1310 1196 vlla
1325 1153 1345 1198 a
1361 1127 1418 1196 X}
1439 1129 1490 1194 vi-

258 1245 339 1312 carii
356 1247 536 1313 voluntate
555 1247 730 1326 recedere,
749 1259 786 1313 vt
802 1247 891 1314 intra
907 1249 1027 1314 decem
1043 1245 1119 1314 dies
1138 1250 1205 1313 hoc
1224 1251 1289 1314 iter
1309 1245 1490 1312 assumatis

259 1363 362 1446 (bona
377 1382 455 1428 cum
473 1361 574 1431 venia
590 1363 763 1448 preclarae
779 1361 1026 1443 vniuersitatis,
1040 1374 1076 1428 et
1093 1361 1181 1429 Rmi.
1201 1360 1394 1428 aistetensis
1411 1363 1436 1442 ³,
1454 1371 1489 1429 et

258 1477 353 1543 lllmi.
372 1477 484 1558 ducis,
503 1479 617 1563 quoad
633 1478 708 1546 eius
723 1477 798 1548 fieri
814 1477 933 1566 possit)
954 1477 989 1544 in
1013 1477 1142 1546 virtute
1163 1488 1303 1546 sanctae
1323 1476 1509 1545 obedien-'

256 1591 324 1660 tiae
339 1593 564 1681 iniungimus3
584 1614 816 1681 rogamusque
833 1597 946 1662 Deum
967 1593 1183 1673 altissimum,
1201 1602 1239 1658 vt
1254 1594 1298 1660 ad
1318 1594 1486 1659 honorem

255 1717 291 1773 et
307 1709 450 1793 gloriam
468 1731 565 1777 suam
583 1721 618 1776 et
633 1731 816 1778 commune
837 1711 965 1778 bonum
988 1712 1079 1783 hanc
1100 1707 1338 1798 migrationem
1359 1719 1485 1776 vertat.

323 1825 450 1892 Romae
462 1826 479 1860 ⁶
492 1823 647 1913 Januarii
667 1841 763 1909 1552.

319 1941 350 2005 A
369 1945 468 2028 tergo
478 1941 595 2006 eadem
612 1961 734 2011 manu.
748 1941 856 2028 Copia
873 1941 918 2008 de
933 1963 1001 2007 vna
1016 1963 1077 2028 per
1093 1941 1117 2006 li
1133 1941 1178 2010 de
1194 1941 1371 2026 ingolstat.

323 2057 365 2119 In
381 2056 549 2143 Regestis.
568 2056 792 2143 Ingolstadio.
811 2057 941 2124 Primo.
960 2051 994 2125 A
1015 2054 1157 2124 emisio
1175 2067 1210 2126 et
1231 2055 1387 2124 Nicolao.
1407 2057 1485 2122 Vna

254 2169 449 2240 obedientia
463 2171 497 2237 di
515 2172 651 2259 partirsi
668 2173 718 2239 fra
731 2173 819 2240 dieci
834 2172 870 2240 di
888 2195 949 2258 per
964 2172 1112 2252 Vienna,
1126 2170 1269 2258 pigliata
1280 2169 1431 2250 licentia,
1446 2191 1485 2238 se

253 2284 277 2350 li
294 2309 387 2372 pare,
404 2289 449 2354 de
465 2287 488 2352 il
503 2289 604 2368 duca,
623 2288 784 2367 aistense,
803 2287 992 2358 vniuersitd
1008 2298 1043 2356 et
1059 2287 1082 2353 il
1098 2287 1242 2374 populo.

739 2505 746 2516 ·
816 2459 922 2540 235⁰

595 2601 734 2669 PATRI
765 2601 920 2669 PETRO
949 2601 1139 2670 CANISIO
1181 2634 1186 2643 ·

648 2755 735 2800 noue
758 2755 790 2798 12
807 2755 955 2810 Jruurmt
976 2755 1045 2812 155²
1063 2741 1084 2799 ¹.

287 2877 510 2948 Profectionem
525 2895 612 2933 suom
626 2877 771 2949 explicam
787 2895 843 2932 cur
864 2876 1071 2932 Vindobonam
1083 2876 1184 2948 prim,
1203 2879 1447 2949 Argentoratum

725 2968 834 3026 deinde
852 2967 1008 3022 mittatur.

315 3099 665 3190 [lngolstadio.]-2.⁰
683 3103 761 3168 Vna
775 3122 834 3187 per
846 3100 998 3180 Canisio,
1013 3099 1216 3186 explicando
1233 3101 1266 3166 la
1279 3101 1420 3186 ragione
1436 3103 1479 3167 de

249 3215 281 3282 la
296 3235 359 3282 sua
375 3216 498 3285 andata
514 3215 548 3283 in
565 3216 701 3284 Vienna
717 3227 752 3284 et
769 3215 827 3302 poi
843 3215 879 3282 in
897 3215 1091 3302 Argentina
1107 3216 1131 3278 ⁸.

255 3337 461 3352 m

301 3385 313 3416 ⁸
351 3383 605 3444 Ferdineoduml.

301 3475 312 3508 ⁴
350 3471 425 3528 Vide
438 3471 579 3544 epistolas
593 3471 661 3543 2344
676 3481 708 3528 et
718 3471 803 3542 2346.

300 3563 311 3596 ⁸
350 3561 479 3618 Mauritii
492 3561 529 3616 de
543 3561 668 3634 Hutten,
683 3561 814 3635 episcopi
828 3562 1033 3635 eystettensie.

300 3653 312 3685 ⁸
350 3649 476 3707 Videtur
488 3651 647 3722 tegendum
661 3668 728 3706 esse
742 3649 822 3725 «28»,
837 3652 975 3724 quamvis
987 3669 1046 3708 non
1060 3652 1215 3724 perspicua
1227 3650 1347 3706 omnino
1360 3652 1399 3707 sit
1409 3653 1478 3707 talis

248 3740 345 3798 lectio.
362 3742 504 3796 Attamen
518 3750 580 3796 tum
593 3758 631 3794 ex
653 3743 742 3796 rebus
764 3759 837 3815 ques
854 3742 989 3798 continet
1010 3743 1083 3798 haec
1105 3742 1241 3814 epistola,
1260 3748 1291 3795 et
1309 3759 1383 3814 ques
1400 3741 1477 3797 duae
1576 3787 1579 3791 .

248 3831 379 3901 proxime
395 3837 556 3904 sequentes
573 3828 708 3899 'narrent,
723 3839 785 3887 tum
806 3848 843 3887 ex
857 3834 933 3901 loco,
948 3849 1035 3904 quem
1054 3831 1084 3888 in
1100 3831 1234 3904 Regestis
1255 3839 1381 3903 occupet
1399 3848 1479 3886 sunr-

246 3918 380 3990 marium,
390 3918 469 3974 diem
486 3931 519 3974 12
531 3918 713 3992 scripsimus.

298 4097 307 4130 ¹
345 4099 389 4153 Ex
402 4098 506 4154 codice
521 4099 639 4172 Regest.
656 4099 681 4164 Ῑ,
696 4097 746 4154 iol.
764 4111 844 4170 nov,
858 4115 937 4156 vera.
951 4111 984 4152 to
994 4107 1025 4153 et
1039 4111 1083 4156 11.
1094 4097 1272 4170 Scriptionis
1283 4109 1400 4170 tempus
1410 4115 1481 4154 con-

246 4195 305 4242 stet
314 4205 351 4241 ex
365 4187 491 4260 epistola
502 4185 582 4257 2353.

298 4283 309 4311 ¹
347 4275 424 4334 Vide
438 4277 593 4350 epistolam
610 4275 693 4347 2345.
