<?xml version="1.0" encoding="UTF-8"?>
<!DOCTYPE html PUBLIC "-//W3C//DTD XHTML 1.0 Transitional//EN"
    "http://www.w3.org/TR/xhtml1/DTD/xhtml1-transitional.dtd">
<html xmlns="http://www.w3.org/1999/xhtml" xml:lang="en" lang="en">
 <head>
  <title>
</title>
<meta http-equiv="Content-Type" content="text/html;charset=utf-8" />
  <meta name='ocr-system' content='tesseract 3.04.00' />
  <meta name='ocr-capabilities' content='ocr_page ocr_carea ocr_par ocr_line ocrx_word'/>
</head>
<body>
  <div class='ocr_page' id='page_1' title='image "./monumentaignati00unkngoog_0726.png"; bbox 0 0 3634 5417; ppageno 0'>
   <div class='ocr_carea' id='block_1_1' title="bbox 402 490 1195 558">
    <p class='ocr_par' dir='ltr' id='par_1_1' title="bbox 402 490 1195 558">
     <span class='ocr_line' id='line_1_1' title="bbox 402 490 1195 558; baseline 0.009 -16"><span class='ocrx_word' id='word_1_1' title='bbox 402 502 458 558; x_wconf 84' lang='lat'>7²0</span> <span class='ocrx_word' id='word_1_2' title='bbox 785 491 993 548; x_wconf 71' lang='lat' dir='ltr'>Mortuum</span> <span class='ocrx_word' id='word_1_3' title='bbox 1012 490 1195 549; x_wconf 75' lang='lat' dir='ltr'>{carrusa</span> 
     </span>
    </p>
   </div>
   <div class='ocr_carea' id='block_1_2' title="bbox 313 641 972 4716">
    <p class='ocr_par' dir='ltr' id='par_1_2' title="bbox 313 641 972 4716">
     <span class='ocr_line' id='line_1_2' title="bbox 398 641 956 714; baseline 0.005 -19"><span class='ocrx_word' id='word_1_4' title='bbox 398 641 464 696; x_wconf 84' lang='lat' dir='ltr'>vult</span> <span class='ocrx_word' id='word_1_5' title='bbox 485 649 529 710; x_wconf 93' lang='lat' dir='ltr'>ut,</span> <span class='ocrx_word' id='word_1_6' title='bbox 550 659 628 714; x_wconf 87' lang='lat' dir='ltr'>quae</span> <span class='ocrx_word' id='word_1_7' title='bbox 650 659 667 698; x_wconf 85' lang='lat' dir='ltr'>a</span> <span class='ocrx_word' id='word_1_8' title='bbox 689 641 845 698; x_wconf 87' lang='lat' dir='ltr'>Rodericio</span> <span class='ocrx_word' id='word_1_9' title='bbox 868 651 956 714; x_wconf 84' lang='lat' dir='ltr'>gesta</span> 
     </span>
     <span class='ocr_line' id='line_1_3' title="bbox 399 731 954 803; baseline 0.004 -19"><span class='ocrx_word' id='word_1_10' title='bbox 399 731 954 803; x_wconf 86' lang='lat' dir='ltr'>sunt,perpetuaoblivionedeleantur,</span> 
     </span>
     <span class='ocr_line' id='line_1_4' title="bbox 399 818 956 894; baseline 0.004 -19"><span class='ocrx_word' id='word_1_11' title='bbox 399 818 463 888; x_wconf 81' lang='lat'>537;</span> <span class='ocrx_word' id='word_1_12' title='bbox 477 821 639 876; x_wconf 86' lang='lat' dir='ltr'>Romaeum</span> <span class='ocrx_word' id='word_1_13' title='bbox 657 820 745 876; x_wconf 87' lang='lat' dir='ltr'>docet</span> <span class='ocrx_word' id='word_1_14' title='bbox 765 821 836 894; x_wconf 90' lang='lat' dir='ltr'>quid</span> <span class='ocrx_word' id='word_1_15' title='bbox 858 820 956 893; x_wconf 81' lang='lat' dir='ltr'>Cypa-</span> 
     </span>
     <span class='ocr_line' id='line_1_5' title="bbox 398 908 955 979; baseline 0.004 -17"><span class='ocrx_word' id='word_1_16' title='bbox 398 909 463 962; x_wconf 89' lang='lat' dir='ltr'>rani</span> <span class='ocrx_word' id='word_1_17' title='bbox 476 917 625 979; x_wconf 84' lang='lat' dir='ltr'>praestare</span> <span class='ocrx_word' id='word_1_18' title='bbox 635 908 753 978; x_wconf 88' lang='lat' dir='ltr'>debeat,</span> <span class='ocrx_word' id='word_1_19' title='bbox 764 910 829 979; x_wconf 81' lang='lat'><strong>456;</strong></span> <span class='ocrx_word' id='word_1_20' title='bbox 841 909 871 964; x_wconf 92' lang='lat' dir='ltr'>iu</span> <span class='ocrx_word' id='word_1_21' title='bbox 884 910 955 966; x_wconf 87' lang='lat' dir='ltr'>Cor-</span> 
     </span>
     <span class='ocr_line' id='line_1_6' title="bbox 400 995 960 1054; baseline 0.005 -4"><span class='ocrx_word' id='word_1_22' title='bbox 400 995 492 1051; x_wconf 89' lang='lat' dir='ltr'>sicam</span> <span class='ocrx_word' id='word_1_23' title='bbox 514 1015 582 1052; x_wconf 88' lang='lat' dir='ltr'>eum</span> <span class='ocrx_word' id='word_1_24' title='bbox 600 999 691 1054; x_wconf 89' lang='lat' dir='ltr'>mittit</span> <span class='ocrx_word' id='word_1_25' title='bbox 713 997 859 1054; x_wconf 87' lang='lat' dir='ltr'>sociorum</span> <span class='ocrx_word' id='word_1_26' title='bbox 881 998 960 1053; x_wconf 84' lang='lat' dir='ltr'>facta</span> 
     </span>
     <span class='ocr_line' id='line_1_7' title="bbox 400 1085 958 1158; baseline 0.002 -19"><span class='ocrx_word' id='word_1_27' title='bbox 400 1086 893 1158; x_wconf 66' lang='lat' dir='ltr'>exploraturum,647t&#39;›50;Patrem</span> <span class='ocrx_word' id='word_1_28' title='bbox 902 1085 958 1142; x_wconf 88' lang='lat' dir='ltr'>Ta·</span> 
     </span>
     <span class='ocr_line' id='line_1_8' title="bbox 313 1173 959 1246; baseline 0.002 -19"><span class='ocrx_word' id='word_1_29' title='bbox 313 1229 318 1236; x_wconf 77' lang='grc'>,</span> <span class='ocrx_word' id='word_1_30' title='bbox 401 1173 499 1228; x_wconf 88' lang='lat' dir='ltr'>blares</span> <span class='ocrx_word' id='word_1_31' title='bbox 512 1175 668 1229; x_wconf 90' lang='lat' dir='ltr'>constituit</span> <span class='ocrx_word' id='word_1_32' title='bbox 679 1175 781 1246; x_wconf 88' lang='lat' dir='ltr'>templi</span> <span class='ocrx_word' id='word_1_33' title='bbox 794 1182 825 1230; x_wconf 90' lang='lat' dir='ltr'>et</span> <span class='ocrx_word' id='word_1_34' title='bbox 838 1174 959 1242; x_wconf 85' lang='lat' dir='ltr'>collegii</span> 
     </span>
     <span class='ocr_line' id='line_1_9' title="bbox 401 1263 957 1337; baseline -0.002 -20"><span class='ocrx_word' id='word_1_35' title='bbox 401 1263 514 1318; x_wconf 90' lang='lat' dir='ltr'>romani</span> <span class='ocrx_word' id='word_1_36' title='bbox 528 1263 558 1318; x_wconf 92' lang='lat' dir='ltr'>in</span> <span class='ocrx_word' id='word_1_37' title='bbox 572 1263 716 1335; x_wconf 78' lang='lat' dir='ltr'>Hispania</span> <span class='ocrx_word' id='word_1_38' title='bbox 727 1271 957 1337; x_wconf 87' lang='lat' dir='ltr'>procuratorem,</span> 
     </span>
     <span class='ocr_line' id='line_1_10' title="bbox 404 1351 960 1422; baseline 0 -17"><span class='ocrx_word' id='word_1_39' title='bbox 404 1363 465 1422; x_wconf 74' lang='lat'>1523</span> <span class='ocrx_word' id='word_1_40' title='bbox 479 1352 624 1406; x_wconf 87' lang='lat' dir='ltr'>Turriano</span> <span class='ocrx_word' id='word_1_41' title='bbox 638 1352 784 1408; x_wconf 70' lang='lat' dir='ltr'>visitatori</span> <span class='ocrx_word' id='word_1_42' title='bbox 806 1353 837 1408; x_wconf 91' lang='lat' dir='ltr'>iu</span> <span class='ocrx_word' id='word_1_43' title='bbox 856 1351 960 1406; x_wconf 83' lang='lat' dir='ltr'>Portu·</span> 
     </span>
     <span class='ocr_line' id='line_1_11' title="bbox 329 1441 960 1521; baseline -0.002 -25"><span class='ocrx_word' id='word_1_44' title='bbox 329 1498 333 1521; x_wconf 43' lang='lat'>¹</span> <span class='ocrx_word' id='word_1_45' title='bbox 401 1441 520 1511; x_wconf 85' lang='lat' dir='ltr'>galliam</span> <span class='ocrx_word' id='word_1_46' title='bbox 547 1441 650 1512; x_wconf 85' lang='lat' dir='ltr'>misso,</span> <span class='ocrx_word' id='word_1_47' title='bbox 675 1443 740 1496; x_wconf 86' lang='lat' dir='ltr'>vult</span> <span class='ocrx_word' id='word_1_48' title='bbox 762 1453 795 1496; x_wconf 93' lang='lat' dir='ltr'>ut</span> <span class='ocrx_word' id='word_1_49' title='bbox 813 1441 888 1496; x_wconf 88' lang='lat' dir='ltr'>fides</span> <span class='ocrx_word' id='word_1_50' title='bbox 909 1442 960 1496; x_wconf 90' lang='lat' dir='ltr'>ha·</span> 
     </span>
     <span class='ocr_line' id='line_1_12' title="bbox 402 1529 961 1602; baseline 0.002 -19"><span class='ocrx_word' id='word_1_51' title='bbox 402 1529 523 1599; x_wconf 86' lang='lat' dir='ltr'>beatur,</span> <span class='ocrx_word' id='word_1_52' title='bbox 550 1543 599 1602; x_wconf 75' lang='lat'>523</span> <span class='ocrx_word' id='word_1_53' title='bbox 627 1530 711 1585; x_wconf 89' lang='lat' dir='ltr'>illum</span> <span class='ocrx_word' id='word_1_54' title='bbox 733 1538 881 1602; x_wconf 77' lang='lat' dir='ltr'>potestate</span> <span class='ocrx_word' id='word_1_55' title='bbox 907 1547 961 1586; x_wconf 90' lang='lat' dir='ltr'>sua</span> 
     </span>
     <span class='ocr_line' id='line_1_13' title="bbox 406 1617 961 1692; baseline 0.004 -20"><span class='ocrx_word' id='word_1_56' title='bbox 406 1618 512 1686; x_wconf 92' lang='lat' dir='ltr'>munit,</span> <span class='ocrx_word' id='word_1_57' title='bbox 528 1629 589 1692; x_wconf 79' lang='lat'>1443</span> <span class='ocrx_word' id='word_1_58' title='bbox 605 1628 705 1674; x_wconf 89' lang='lat' dir='ltr'>monet</span> <span class='ocrx_word' id='word_1_59' title='bbox 717 1627 750 1674; x_wconf 92' lang='lat' dir='ltr'>ut</span> <span class='ocrx_word' id='word_1_60' title='bbox 767 1618 845 1691; x_wconf 93' lang='lat' dir='ltr'>apud</span> <span class='ocrx_word' id='word_1_61' title='bbox 860 1617 961 1674; x_wconf 85' lang='lat' dir='ltr'>lirsita·</span> 
     </span>
     <span class='ocr_line' id='line_1_14' title="bbox 405 1707 961 1777; baseline -0.004 -15"><span class='ocrx_word' id='word_1_62' title='bbox 405 1722 460 1762; x_wconf 87' lang='lat' dir='ltr'>nos</span> <span class='ocrx_word' id='word_1_63' title='bbox 481 1723 541 1762; x_wconf 90' lang='lat' dir='ltr'>noa</span> <span class='ocrx_word' id='word_1_64' title='bbox 565 1709 759 1762; x_wconf 86' lang='lat' dir='ltr'>castellanum</span> <span class='ocrx_word' id='word_1_65' title='bbox 782 1707 836 1762; x_wconf 89' lang='lat' dir='ltr'>sed</span> <span class='ocrx_word' id='word_1_66' title='bbox 861 1723 961 1777; x_wconf 85' lang='lat' dir='ltr'>arago-</span> 
     </span>
     <span class='ocr_line' id='line_1_15' title="bbox 405 1794 961 1866; baseline 0.002 -17"><span class='ocrx_word' id='word_1_67' title='bbox 405 1794 540 1850; x_wconf 87' lang='lat' dir='ltr'>nieusem</span> <span class='ocrx_word' id='word_1_68' title='bbox 562 1813 595 1850; x_wconf 93' lang='lat' dir='ltr'>se</span> <span class='ocrx_word' id='word_1_69' title='bbox 617 1813 684 1850; x_wconf 87' lang='lat' dir='ltr'>esse</span> <span class='ocrx_word' id='word_1_70' title='bbox 704 1796 882 1866; x_wconf 89' lang='lat' dir='ltr'>meminerit,</span> <span class='ocrx_word' id='word_1_71' title='bbox 899 1809 961 1865; x_wconf 78' lang='lat'>1713</span> 
     </span>
     <span class='ocr_line' id='line_1_16' title="bbox 405 1884 963 1942; baseline 0.007 -4"><span class='ocrx_word' id='word_1_72' title='bbox 405 1893 438 1940; x_wconf 88' lang='lat' dir='ltr'>ut</span> <span class='ocrx_word' id='word_1_73' title='bbox 469 1884 613 1941; x_wconf 87' lang='lat' dir='ltr'>Vinckius</span> <span class='ocrx_word' id='word_1_74' title='bbox 644 1887 786 1942; x_wconf 90' lang='lat' dir='ltr'>lectiones</span> <span class='ocrx_word' id='word_1_75' title='bbox 808 1903 907 1942; x_wconf 88' lang='lat' dir='ltr'>sacras</span> <span class='ocrx_word' id='word_1_76' title='bbox 932 1885 963 1942; x_wconf 92' lang='lat' dir='ltr'>in</span> 
     </span>
     <span class='ocr_line' id='line_1_17' title="bbox 405 1975 896 2047; baseline 0.004 -19"><span class='ocrx_word' id='word_1_77' title='bbox 405 1975 517 2044; x_wconf 89' lang='lat' dir='ltr'>templo</span> <span class='ocrx_word' id='word_1_78' title='bbox 529 1976 648 2042; x_wconf 86' lang='lat' dir='ltr'>babeat,</span> <span class='ocrx_word' id='word_1_79' title='bbox 666 1977 819 2047; x_wconf 73' lang='lat' dir='ltr'>approbat,</span> <span class='ocrx_word' id='word_1_80' title='bbox 831 1976 896 2043; x_wconf 70' lang='lat'><strong>⁶07.</strong></span> 
     </span>
     <span class='ocr_line' id='line_1_18' title="bbox 372 2061 963 2134; baseline 0.01 -20"><span class='ocrx_word' id='word_1_81' title='bbox 372 2061 605 2134; x_wconf 81' lang='lat' dir='ltr'>IV.-Igrrntr&#39;us</span> <span class='ocrx_word' id='word_1_82' title='bbox 617 2069 645 2119; x_wconf 82' lang='lat' dir='ltr'>at</span> <span class='ocrx_word' id='word_1_83' title='bbox 661 2067 723 2119; x_wconf 82' lang='lat' dir='ltr'>uiri</span> <span class='ocrx_word' id='word_1_84' title='bbox 739 2063 963 2122; x_wconf 64' lang='lat' dir='ltr'>externi-Cu·</span> 
     </span>
     <span class='ocr_line' id='line_1_19' title="bbox 408 2136 963 2224; baseline 0.005 -19"><span class='ocrx_word' id='word_1_85' title='bbox 408 2151 452 2222; x_wconf 92' lang='lat' dir='ltr'>pit</span> <span class='ocrx_word' id='word_1_86' title='bbox 465 2160 498 2206; x_wconf 91' lang='lat' dir='ltr'>ut</span> <span class='ocrx_word' id='word_1_87' title='bbox 511 2136 606 2210; x_wconf 61' lang='lat' dir='ltr'>atus!</span> <span class='ocrx_word' id='word_1_88' title='bbox 621 2154 709 2210; x_wconf 85' lang='lat' dir='ltr'>Avila</span> <span class='ocrx_word' id='word_1_89' title='bbox 731 2171 748 2209; x_wconf 87' lang='lat' dir='ltr'>a</span> <span class='ocrx_word' id='word_1_90' title='bbox 770 2153 963 2224; x_wconf 80' lang='lat' dir='ltr'>nostratibus,</span> 
     </span>
     <span class='ocr_line' id='line_1_20' title="bbox 407 2239 961 2312; baseline 0.004 -18"><span class='ocrx_word' id='word_1_91' title='bbox 407 2239 579 2296; x_wconf 88' lang='lat' dir='ltr'>nominatim</span> <span class='ocrx_word' id='word_1_92' title='bbox 603 2257 673 2297; x_wconf 87' lang='lat' dir='ltr'>vero</span> <span class='ocrx_word' id='word_1_93' title='bbox 698 2260 714 2298; x_wconf 94' lang='lat' dir='ltr'>a</span> <span class='ocrx_word' id='word_1_94' title='bbox 739 2243 773 2300; x_wconf 91' lang='lat' dir='ltr'>P.</span> <span class='ocrx_word' id='word_1_95' title='bbox 795 2243 961 2312; x_wconf 79' lang='lat' dir='ltr'>villanova,</span> 
     </span>
     <span class='ocr_line' id='line_1_21' title="bbox 407 2327 965 2403; baseline 0.004 -20"><span class='ocrx_word' id='word_1_96' title='bbox 407 2327 555 2402; x_wconf 83' lang='lat' dir='ltr'>visitetur,</span> <span class='ocrx_word' id='word_1_97' title='bbox 572 2331 635 2402; x_wconf 76' lang='lat'>267,</span> <span class='ocrx_word' id='word_1_98' title='bbox 660 2345 723 2403; x_wconf 78' lang='lat'>2743</span> <span class='ocrx_word' id='word_1_99' title='bbox 745 2334 843 2402; x_wconf 90' lang='lat' dir='ltr'>plures</span> <span class='ocrx_word' id='word_1_100' title='bbox 860 2331 965 2387; x_wconf 79' lang='lat' dir='ltr'>scribit</span> 
     </span>
     <span class='ocr_line' id='line_1_22' title="bbox 407 2417 964 2492; baseline 0.011 -22"><span class='ocrx_word' id='word_1_101' title='bbox 407 2417 472 2489; x_wconf 87' lang='lat' dir='ltr'>ipse</span> <span class='ocrx_word' id='word_1_102' title='bbox 494 2428 526 2474; x_wconf 91' lang='lat' dir='ltr'>et</span> <span class='ocrx_word' id='word_1_103' title='bbox 550 2421 588 2475; x_wconf 90' lang='lat' dir='ltr'>ab</span> <span class='ocrx_word' id='word_1_104' title='bbox 613 2422 679 2477; x_wconf 90' lang='lat' dir='ltr'>aliis</span> <span class='ocrx_word' id='word_1_105' title='bbox 698 2421 788 2477; x_wconf 87' lang='lat' dir='ltr'>scribi</span> <span class='ocrx_word' id='word_1_106' title='bbox 805 2431 889 2478; x_wconf 86' lang='lat' dir='ltr'>curat</span> <span class='ocrx_word' id='word_1_107' title='bbox 903 2421 964 2492; x_wconf 89' lang='lat' dir='ltr'>epi·</span> 
     </span>
     <span class='ocr_line' id='line_1_23' title="bbox 407 2507 964 2582; baseline 0.005 -20"><span class='ocrx_word' id='word_1_108' title='bbox 407 2509 498 2562; x_wconf 87' lang='lat' dir='ltr'>stolas</span> <span class='ocrx_word' id='word_1_109' title='bbox 511 2507 548 2562; x_wconf 90' lang='lat' dir='ltr'>ad</span> <span class='ocrx_word' id='word_1_110' title='bbox 561 2511 713 2581; x_wconf 82' lang='lat' dir='ltr'>negotium</span> <span class='ocrx_word' id='word_1_111' title='bbox 727 2511 825 2566; x_wconf 90' lang='lat' dir='ltr'>Caroli</span> <span class='ocrx_word' id='word_1_112' title='bbox 839 2511 964 2582; x_wconf 87' lang='lat' dir='ltr'>Borgiae</span> 
     </span>
     <span class='ocr_line' id='line_1_24' title="bbox 410 2593 963 2672; baseline 0.005 -23"><span class='ocrx_word' id='word_1_113' title='bbox 410 2593 539 2651; x_wconf 78' lang='lat' dir='ltr'>feliciter</span> <span class='ocrx_word' id='word_1_114' title='bbox 563 2598 791 2668; x_wconf 84' lang='lat' dir='ltr'>conficiendum,</span> <span class='ocrx_word' id='word_1_115' title='bbox 809 2598 871 2672; x_wconf 84' lang='lat'>392,</span> <span class='ocrx_word' id='word_1_116' title='bbox 899 2598 963 2670; x_wconf 84' lang='grc'>393,</span> 
     </span>
     <span class='ocr_line' id='line_1_25' title="bbox 409 2687 966 2754; baseline 0.007 -15"><span class='ocrx_word' id='word_1_117' title='bbox 409 2699 472 2754; x_wconf 75' lang='lat'>4423</span> <span class='ocrx_word' id='word_1_118' title='bbox 488 2687 660 2744; x_wconf 88' lang='lat' dir='ltr'>Castaldum</span> <span class='ocrx_word' id='word_1_119' title='bbox 679 2689 709 2744; x_wconf 91' lang='lat' dir='ltr'>in</span> <span class='ocrx_word' id='word_1_120' title='bbox 723 2689 903 2744; x_wconf 78' lang='lat' dir='ltr'>Societatem</span> <span class='ocrx_word' id='word_1_121' title='bbox 916 2688 966 2743; x_wconf 92' lang='lat' dir='ltr'>ad·</span> 
     </span>
     <span class='ocr_line' id='line_1_26' title="bbox 409 2775 966 2847; baseline 0.002 -17"><span class='ocrx_word' id='word_1_122' title='bbox 409 2775 512 2847; x_wconf 86' lang='lat' dir='ltr'>mittit,</span> <span class='ocrx_word' id='word_1_123' title='bbox 539 2777 592 2832; x_wconf 89' lang='lat' dir='ltr'>sed</span> <span class='ocrx_word' id='word_1_124' title='bbox 618 2779 721 2835; x_wconf 90' lang='lat' dir='ltr'>annuit</span> <span class='ocrx_word' id='word_1_125' title='bbox 746 2787 779 2834; x_wconf 92' lang='lat' dir='ltr'>ut</span> <span class='ocrx_word' id='word_1_126' title='bbox 802 2777 966 2834; x_wconf 90' lang='lat' dir='ltr'>ministerio</span> 
     </span>
     <span class='ocr_line' id='line_1_27' title="bbox 409 2864 965 2934; baseline 0.009 -17"><span class='ocrx_word' id='word_1_127' title='bbox 409 2864 486 2934; x_wconf 90' lang='lat' dir='ltr'>apud</span> <span class='ocrx_word' id='word_1_128' title='bbox 497 2865 618 2921; x_wconf 84' lang='lat' dir='ltr'>Mariam</span> <span class='ocrx_word' id='word_1_129' title='bbox 632 2869 806 2923; x_wconf 88' lang='lat' dir='ltr'>Frassonam</span> <span class='ocrx_word' id='word_1_130' title='bbox 823 2866 871 2923; x_wconf 92' lang='lat' dir='ltr'>del</span> <span class='ocrx_word' id='word_1_131' title='bbox 890 2867 965 2924; x_wconf 90' lang='lat' dir='ltr'>Ges·</span> 
     </span>
     <span class='ocr_line' id='line_1_28' title="bbox 409 2951 965 3027; baseline 0.009 -20"><span class='ocrx_word' id='word_1_132' title='bbox 409 2951 444 3007; x_wconf 87' lang='lat' dir='ltr'>so</span> <span class='ocrx_word' id='word_1_133' title='bbox 470 2953 621 3025; x_wconf 81' lang='lat' dir='ltr'>iungatur,</span> <span class='ocrx_word' id='word_1_134' title='bbox 634 2955 698 3026; x_wconf 82' lang='lat'>375;</span> <span class='ocrx_word' id='word_1_135' title='bbox 719 2956 908 3027; x_wconf 87' lang='lat' dir='ltr'>Catharinae,</span> <span class='ocrx_word' id='word_1_136' title='bbox 920 2973 965 3012; x_wconf 89' lang='lat' dir='ltr'>re·</span> 
     </span>
     <span class='ocr_line' id='line_1_29' title="bbox 408 3043 967 3116; baseline 0.009 -20"><span class='ocrx_word' id='word_1_137' title='bbox 408 3043 497 3112; x_wconf 86' lang='lat' dir='ltr'>ginae</span> <span class='ocrx_word' id='word_1_138' title='bbox 528 3045 742 3116; x_wconf 87' lang='lat' dir='ltr'>Portugnlliae,</span> <span class='ocrx_word' id='word_1_139' title='bbox 771 3063 869 3102; x_wconf 90' lang='lat' dir='ltr'>sacras</span> <span class='ocrx_word' id='word_1_140' title='bbox 898 3046 967 3102; x_wconf 89' lang='lat' dir='ltr'>reli·</span> 
     </span>
     <span class='ocr_line' id='line_1_30' title="bbox 409 3129 967 3206; baseline 0.005 -21"><span class='ocrx_word' id='word_1_141' title='bbox 409 3129 494 3203; x_wconf 93' lang='lat' dir='ltr'>quias</span> <span class='ocrx_word' id='word_1_142' title='bbox 508 3132 607 3206; x_wconf 89' lang='lat' dir='ltr'>mittit,</span> <span class='ocrx_word' id='word_1_143' title='bbox 626 3145 685 3206; x_wconf 87' lang='lat'>171,</span> <span class='ocrx_word' id='word_1_144' title='bbox 702 3133 763 3205; x_wconf 87' lang='lat'>183,</span> <span class='ocrx_word' id='word_1_145' title='bbox 778 3134 838 3203; x_wconf 77' lang='lat'>1843</span> <span class='ocrx_word' id='word_1_146' title='bbox 850 3142 882 3189; x_wconf 93' lang='lat' dir='ltr'>ut</span> <span class='ocrx_word' id='word_1_147' title='bbox 895 3133 967 3190; x_wconf 90' lang='lat' dir='ltr'>Cor·</span> 
     </span>
     <span class='ocr_line' id='line_1_31' title="bbox 410 3219 966 3293; baseline 0.007 -20"><span class='ocrx_word' id='word_1_148' title='bbox 410 3219 507 3275; x_wconf 84' lang='lat' dir='ltr'>dubae</span> <span class='ocrx_word' id='word_1_149' title='bbox 520 3223 678 3293; x_wconf 82' lang='lat' dir='ltr'>collegium</span> <span class='ocrx_word' id='word_1_150' title='bbox 698 3221 855 3278; x_wconf 87' lang='lat' dir='ltr'>Societatis</span> <span class='ocrx_word' id='word_1_151' title='bbox 876 3223 966 3277; x_wconf 92' lang='lat' dir='ltr'>collo·</span> 
     </span>
     <span class='ocr_line' id='line_1_32' title="bbox 409 3308 967 3382; baseline 0 -18"><span class='ocrx_word' id='word_1_152' title='bbox 409 3317 505 3380; x_wconf 91' lang='lat' dir='ltr'>cetur,</span> <span class='ocrx_word' id='word_1_153' title='bbox 518 3313 672 3382; x_wconf 84' lang='lat' dir='ltr'>approbat,</span> <span class='ocrx_word' id='word_1_154' title='bbox 682 3313 748 3381; x_wconf 83' lang='lat'>6153</span> <span class='ocrx_word' id='word_1_155' title='bbox 762 3308 940 3366; x_wconf 87' lang='lat' dir='ltr'>Ferdinandi</span> <span class='ocrx_word' id='word_1_156' title='bbox 953 3312 967 3364; x_wconf 94' lang='lat' dir='ltr'>l</span> 
     </span>
     <span class='ocr_line' id='line_1_33' title="bbox 412 3398 967 3471; baseline 0.002 -19"><span class='ocrx_word' id='word_1_157' title='bbox 412 3398 666 3454; x_wconf 83' lang='lat' dir='ltr'>commendatitias</span> <span class='ocrx_word' id='word_1_158' title='bbox 696 3399 812 3455; x_wconf 78' lang='lat' dir='ltr'>litteras</span> <span class='ocrx_word' id='word_1_159' title='bbox 839 3414 890 3471; x_wconf 89' lang='lat' dir='ltr'>pro</span> <span class='ocrx_word' id='word_1_160' title='bbox 914 3399 967 3454; x_wconf 90' lang='lat' dir='ltr'>So-</span> 
     </span>
     <span class='ocr_line' id='line_1_34' title="bbox 410 3486 968 3560; baseline 0 -18"><span class='ocrx_word' id='word_1_161' title='bbox 410 3486 520 3542; x_wconf 88' lang='lat' dir='ltr'>cietate</span> <span class='ocrx_word' id='word_1_162' title='bbox 534 3487 608 3558; x_wconf 88' lang='lat' dir='ltr'>petit</span> <span class='ocrx_word' id='word_1_163' title='bbox 622 3487 659 3542; x_wconf 89' lang='lat' dir='ltr'>ad</span> <span class='ocrx_word' id='word_1_164' title='bbox 672 3486 863 3544; x_wconf 87' lang='lat' dir='ltr'>tridentinam</span> <span class='ocrx_word' id='word_1_165' title='bbox 880 3503 968 3560; x_wconf 78' lang='lat' dir='ltr'>syno;</span> 
     </span>
     <span class='ocr_line' id='line_1_35' title="bbox 411 3574 968 3646; baseline 0.004 -17"><span class='ocrx_word' id='word_1_166' title='bbox 411 3574 493 3644; x_wconf 92' lang='lat' dir='ltr'>dum,</span> <span class='ocrx_word' id='word_1_167' title='bbox 524 3575 570 3646; x_wconf 80' lang='lat'>393</span> <span class='ocrx_word' id='word_1_168' title='bbox 604 3574 712 3643; x_wconf 90' lang='lat' dir='ltr'>eidem,</span> <span class='ocrx_word' id='word_1_169' title='bbox 749 3575 900 3634; x_wconf 86' lang='lat' dir='ltr'>Canisium</span> <span class='ocrx_word' id='word_1_170' title='bbox 938 3584 968 3631; x_wconf 93' lang='lat' dir='ltr'>et</span> 
     </span>
     <span class='ocr_line' id='line_1_36' title="bbox 411 3663 968 3738; baseline 0.004 -19"><span class='ocrx_word' id='word_1_171' title='bbox 411 3663 587 3720; x_wconf 88' lang='lat' dir='ltr'>Gaudanum</span> <span class='ocrx_word' id='word_1_172' title='bbox 612 3665 794 3738; x_wconf 89' lang='lat' dir='ltr'>deposcenti,</span> <span class='ocrx_word' id='word_1_173' title='bbox 822 3665 968 3721; x_wconf 81' lang='lat' dir='ltr'>Viennam</span> 
     </span>
     <span class='ocr_line' id='line_1_37' title="bbox 413 3753 969 3827; baseline 0 -19"><span class='ocrx_word' id='word_1_174' title='bbox 413 3754 513 3822; x_wconf 90' lang='lat' dir='ltr'>mittit,</span> <span class='ocrx_word' id='word_1_175' title='bbox 542 3753 592 3827; x_wconf 70' lang='lat'>833</span> <span class='ocrx_word' id='word_1_176' title='bbox 616 3755 681 3810; x_wconf 90' lang='lat' dir='ltr'>vult</span> <span class='ocrx_word' id='word_1_177' title='bbox 708 3762 741 3808; x_wconf 93' lang='lat' dir='ltr'>ut</span> <span class='ocrx_word' id='word_1_178' title='bbox 765 3755 804 3808; x_wconf 89' lang='lat' dir='ltr'>ab</span> <span class='ocrx_word' id='word_1_179' title='bbox 828 3753 969 3826; x_wconf 85' lang='lat' dir='ltr'>episcopo</span> 
     </span>
     <span class='ocr_line' id='line_1_38' title="bbox 413 3841 969 3913; baseline -0.004 -15"><span class='ocrx_word' id='word_1_180' title='bbox 413 3843 583 3913; x_wconf 88' lang='lat' dir='ltr'>mutinensi,</span> <span class='ocrx_word' id='word_1_181' title='bbox 622 3841 750 3913; x_wconf 85' lang='lat' dir='ltr'>Aegidio</span> <span class='ocrx_word' id='word_1_182' title='bbox 787 3841 969 3913; x_wconf 82' lang='lat' dir='ltr'>Fuscarario,</span> 
     </span>
     <span class='ocr_line' id='line_1_39' title="bbox 413 3929 969 4001; baseline 0 -15"><span class='ocrx_word' id='word_1_183' title='bbox 413 3947 485 3986; x_wconf 82' lang='lat' dir='ltr'>rasus</span> <span class='ocrx_word' id='word_1_184' title='bbox 523 3939 772 3986; x_wconf 85' lang='lat' dir='ltr'>sacramentorum</span> <span class='ocrx_word' id='word_1_185' title='bbox 822 3929 969 4001; x_wconf 87' lang='lat' dir='ltr'>laudetur,</span> 
     </span>
     <span class='ocr_line' id='line_1_40' title="bbox 411 4020 969 4093; baseline -0.005 -16"><span class='ocrx_word' id='word_1_186' title='bbox 411 4021 476 4093; x_wconf 71' lang='lat'>3053</span> <span class='ocrx_word' id='word_1_187' title='bbox 491 4020 611 4076; x_wconf 87' lang='lat' dir='ltr'>Mariam</span> <span class='ocrx_word' id='word_1_188' title='bbox 629 4021 803 4075; x_wconf 88' lang='lat' dir='ltr'>Frassonam</span> <span class='ocrx_word' id='word_1_189' title='bbox 826 4021 969 4076; x_wconf 90' lang='lat' dir='ltr'>bonorum</span> 
     </span>
     <span class='ocr_line' id='line_1_41' title="bbox 412 4106 971 4182; baseline 0 -20"><span class='ocrx_word' id='word_1_190' title='bbox 412 4125 534 4182; x_wconf 88' lang='lat' dir='ltr'>operum</span> <span class='ocrx_word' id='word_1_191' title='bbox 564 4107 722 4164; x_wconf 89' lang='lat' dir='ltr'>Societatis</span> <span class='ocrx_word' id='word_1_192' title='bbox 752 4106 823 4164; x_wconf 85' lang='lat' dir='ltr'>iacit</span> <span class='ocrx_word' id='word_1_193' title='bbox 852 4107 971 4179; x_wconf 88' lang='lat' dir='ltr'>partici-</span> 
     </span>
     <span class='ocr_line' id='line_1_42' title="bbox 337 4195 971 4274; baseline -0.003 -20"><span class='ocrx_word' id='word_1_194' title='bbox 337 4247 341 4260; x_wconf 83' lang='grc'>,</span> <span class='ocrx_word' id='word_1_195' title='bbox 414 4215 498 4270; x_wconf 87' lang='lat' dir='ltr'>pem,</span> <span class='ocrx_word' id='word_1_196' title='bbox 531 4209 594 4274; x_wconf 81' lang='lat'>5903</span> <span class='ocrx_word' id='word_1_197' title='bbox 626 4195 768 4267; x_wconf 84' lang='lat' dir='ltr'>Henrico,</span> <span class='ocrx_word' id='word_1_198' title='bbox 800 4196 971 4252; x_wconf 79' lang='lat' dir='ltr'>Lusitaniae</span> 
     </span>
     <span class='ocr_line' id='line_1_43' title="bbox 414 4283 972 4359; baseline -0.005 -17"><span class='ocrx_word' id='word_1_199' title='bbox 414 4285 541 4359; x_wconf 87' lang='lat' dir='ltr'>principi</span> <span class='ocrx_word' id='word_1_200' title='bbox 564 4293 595 4341; x_wconf 91' lang='lat' dir='ltr'>et</span> <span class='ocrx_word' id='word_1_201' title='bbox 617 4283 767 4356; x_wconf 81' lang='lat' dir='ltr'>cardinali,</span> <span class='ocrx_word' id='word_1_202' title='bbox 782 4283 892 4354; x_wconf 84' lang='lat' dir='ltr'>gratias</span> <span class='ocrx_word' id='word_1_203' title='bbox 908 4285 972 4356; x_wconf 88' lang='lat' dir='ltr'>agit</span> 
     </span>
     <span class='ocr_line' id='line_1_44' title="bbox 414 4371 971 4430; baseline -0.005 -1"><span class='ocrx_word' id='word_1_204' title='bbox 414 4375 451 4430; x_wconf 93' lang='lat' dir='ltr'>de</span> <span class='ocrx_word' id='word_1_205' title='bbox 465 4377 565 4429; x_wconf 89' lang='lat' dir='ltr'>oblato</span> <span class='ocrx_word' id='word_1_206' title='bbox 588 4373 729 4428; x_wconf 89' lang='lat' dir='ltr'>Societati</span> <span class='ocrx_word' id='word_1_207' title='bbox 752 4371 890 4427; x_wconf 88' lang='lat' dir='ltr'>eborensi</span> <span class='ocrx_word' id='word_1_208' title='bbox 912 4375 971 4427; x_wconf 92' lang='lat' dir='ltr'>col-</span> 
     </span>
     <span class='ocr_line' id='line_1_45' title="bbox 415 4459 970 4534; baseline -0.009 -14"><span class='ocrx_word' id='word_1_209' title='bbox 415 4463 506 4534; x_wconf 89' lang='lat' dir='ltr'>legio,</span> <span class='ocrx_word' id='word_1_210' title='bbox 523 4473 584 4532; x_wconf 82' lang='lat'>125;</span> <span class='ocrx_word' id='word_1_211' title='bbox 604 4462 739 4518; x_wconf 88' lang='lat' dir='ltr'>Hurtado</span> <span class='ocrx_word' id='word_1_212' title='bbox 756 4461 793 4516; x_wconf 92' lang='lat' dir='ltr'>de</span> <span class='ocrx_word' id='word_1_213' title='bbox 817 4459 970 4530; x_wconf 77' lang='lat' dir='ltr'>Mendoaa,</span> 
     </span>
     <span class='ocr_line' id='line_1_46' title="bbox 414 4547 971 4623; baseline -0.009 -15"><span class='ocrx_word' id='word_1_214' title='bbox 414 4551 517 4608; x_wconf 90' lang='lat' dir='ltr'>comiti</span> <span class='ocrx_word' id='word_1_215' title='bbox 535 4549 695 4623; x_wconf 82' lang='lat' dir='ltr'>melitensi,</span> <span class='ocrx_word' id='word_1_216' title='bbox 718 4549 828 4622; x_wconf 86' lang='lat' dir='ltr'>gratias</span> <span class='ocrx_word' id='word_1_217' title='bbox 852 4547 915 4621; x_wconf 88' lang='lat' dir='ltr'>agit</span> <span class='ocrx_word' id='word_1_218' title='bbox 931 4551 971 4604; x_wconf 90' lang='lat' dir='ltr'>ob</span> 
     </span>
     <span class='ocr_line' id='line_1_47' title="bbox 415 4639 969 4716; baseline -0.011 -16"><span class='ocrx_word' id='word_1_219' title='bbox 415 4657 622 4716; x_wconf 86' lang='lat' dir='ltr'>amorem,quo</span> <span class='ocrx_word' id='word_1_220' title='bbox 632 4641 662 4698; x_wconf 92' lang='lat' dir='ltr'>in</span> <span class='ocrx_word' id='word_1_221' title='bbox 673 4640 853 4697; x_wconf 88' lang='lat' dir='ltr'>Societatem</span> <span class='ocrx_word' id='word_1_222' title='bbox 865 4639 969 4696; x_wconf 82' lang='lat' dir='ltr'>fertur:</span> 
     </span>
    </p>
   </div>
   <div class='ocr_carea' id='block_1_3' title="bbox 1045 642 1610 3115">
    <p class='ocr_par' dir='ltr' id='par_1_3' title="bbox 1045 642 1610 3115">
     <span class='ocr_line' id='line_1_48' title="bbox 1047 642 1608 717; baseline 0.004 -19"><span class='ocrx_word' id='word_1_223' title='bbox 1047 642 1130 699; x_wconf 90' lang='lat' dir='ltr'>illum</span> <span class='ocrx_word' id='word_1_224' title='bbox 1143 653 1175 700; x_wconf 91' lang='lat' dir='ltr'>et</span> <span class='ocrx_word' id='word_1_225' title='bbox 1186 645 1368 702; x_wconf 82' lang='lat' dir='ltr'>comitissam</span> <span class='ocrx_word' id='word_1_226' title='bbox 1380 647 1527 702; x_wconf 86' lang='lat' dir='ltr'>bonorum</span> <span class='ocrx_word' id='word_1_227' title='bbox 1534 659 1608 717; x_wconf 88' lang='lat' dir='ltr'>ope·</span> 
     </span>
     <span class='ocr_line' id='line_1_49' title="bbox 1045 733 1607 808; baseline 0.004 -22"><span class='ocrx_word' id='word_1_228' title='bbox 1045 749 1111 787; x_wconf 90' lang='lat' dir='ltr'>rum</span> <span class='ocrx_word' id='word_1_229' title='bbox 1138 733 1298 791; x_wconf 87' lang='lat' dir='ltr'>Societatis</span> <span class='ocrx_word' id='word_1_230' title='bbox 1328 735 1489 808; x_wconf 81' lang='lat' dir='ltr'>participes</span> <span class='ocrx_word' id='word_1_231' title='bbox 1520 733 1607 802; x_wconf 80' lang='lat' dir='ltr'>iacit,</span> 
     </span>
     <span class='ocr_line' id='line_1_50' title="bbox 1046 817 1606 891; baseline 0.007 -21"><span class='ocrx_word' id='word_1_232' title='bbox 1046 817 1182 891; x_wconf 77' lang='lat'><strong>250-2533</strong></span> <span class='ocrx_word' id='word_1_233' title='bbox 1204 821 1351 891; x_wconf 85' lang='lat' dir='ltr'>Joannem</span> <span class='ocrx_word' id='word_1_234' title='bbox 1363 821 1424 888; x_wconf 91' lang='lat'>111,</span> <span class='ocrx_word' id='word_1_235' title='bbox 1450 819 1606 890; x_wconf 77' lang='lat' dir='ltr'>Portugal·</span> 
     </span>
     <span class='ocr_line' id='line_1_51' title="bbox 1047 905 1606 979; baseline 0.004 -19"><span class='ocrx_word' id='word_1_236' title='bbox 1047 905 1105 960; x_wconf 90' lang='lat' dir='ltr'>liae</span> <span class='ocrx_word' id='word_1_237' title='bbox 1123 925 1236 978; x_wconf 86' lang='lat' dir='ltr'>regem,</span> <span class='ocrx_word' id='word_1_238' title='bbox 1257 909 1347 964; x_wconf 87' lang='lat' dir='ltr'>docet</span> <span class='ocrx_word' id='word_1_239' title='bbox 1367 909 1406 962; x_wconf 90' lang='lat' dir='ltr'>de</span> <span class='ocrx_word' id='word_1_240' title='bbox 1426 909 1606 979; x_wconf 89' lang='lat' dir='ltr'>compostel·</span> 
     </span>
     <span class='ocr_line' id='line_1_52' title="bbox 1051 995 1607 1068; baseline 0.005 -19"><span class='ocrx_word' id='word_1_241' title='bbox 1051 995 1607 1068; x_wconf 80' lang='lat' dir='ltr'>lanocollegioinstituendo,2n3Tur·</span> 
     </span>
     <span class='ocr_line' id='line_1_53' title="bbox 1049 1083 1608 1142; baseline 0.004 -4"><span class='ocrx_word' id='word_1_242' title='bbox 1049 1083 1163 1140; x_wconf 77' lang='lat' dir='ltr'>nanum</span> <span class='ocrx_word' id='word_1_243' title='bbox 1186 1084 1223 1140; x_wconf 90' lang='lat' dir='ltr'>ad</span> <span class='ocrx_word' id='word_1_244' title='bbox 1249 1087 1332 1142; x_wconf 88' lang='lat' dir='ltr'>illum</span> <span class='ocrx_word' id='word_1_245' title='bbox 1357 1086 1449 1140; x_wconf 87' lang='lat' dir='ltr'>mittit</span> <span class='ocrx_word' id='word_1_246' title='bbox 1465 1085 1504 1140; x_wconf 92' lang='lat' dir='ltr'>de</span> <span class='ocrx_word' id='word_1_247' title='bbox 1517 1087 1608 1140; x_wconf 90' lang='lat' dir='ltr'>rebus</span> 
     </span>
     <span class='ocr_line' id='line_1_54' title="bbox 1050 1171 1607 1246; baseline 0.002 -20"><span class='ocrx_word' id='word_1_248' title='bbox 1050 1171 1196 1228; x_wconf 81' lang='lat' dir='ltr'>lusitanae</span> <span class='ocrx_word' id='word_1_249' title='bbox 1207 1173 1368 1229; x_wconf 81' lang='lat' dir='ltr'>Societatis</span> <span class='ocrx_word' id='word_1_250' title='bbox 1379 1183 1527 1242; x_wconf 84' lang='lat' dir='ltr'>acturum,</span> <span class='ocrx_word' id='word_1_251' title='bbox 1541 1186 1607 1246; x_wconf 79' lang='lat'>2113</span> 
     </span>
     <span class='ocr_line' id='line_1_55' title="bbox 1050 1263 1607 1334; baseline 0.002 -19"><span class='ocrx_word' id='word_1_252' title='bbox 1050 1269 1134 1316; x_wconf 87' lang='lat' dir='ltr'>curat</span> <span class='ocrx_word' id='word_1_253' title='bbox 1164 1271 1197 1316; x_wconf 95' lang='lat' dir='ltr'>ut</span> <span class='ocrx_word' id='word_1_254' title='bbox 1233 1263 1386 1334; x_wconf 83' lang='lat' dir='ltr'>Alpbonso</span> <span class='ocrx_word' id='word_1_255' title='bbox 1421 1263 1607 1330; x_wconf 61' lang='lat' dir='ltr'>Laneastrim</span> 
     </span>
     <span class='ocr_line' id='line_1_56' title="bbox 1050 1349 1609 1424; baseline 0.005 -21"><span class='ocrx_word' id='word_1_256' title='bbox 1050 1349 1174 1420; x_wconf 87' lang='lat' dir='ltr'>Joannis</span> <span class='ocrx_word' id='word_1_257' title='bbox 1199 1351 1240 1405; x_wconf 89' lang='lat'>111</span> <span class='ocrx_word' id='word_1_258' title='bbox 1262 1352 1371 1407; x_wconf 88' lang='lat' dir='ltr'>oratori</span> <span class='ocrx_word' id='word_1_259' title='bbox 1391 1352 1470 1424; x_wconf 87' lang='lat' dir='ltr'>apud</span> <span class='ocrx_word' id='word_1_260' title='bbox 1492 1353 1609 1424; x_wconf 86' lang='lat' dir='ltr'>pontifi·</span> 
     </span>
     <span class='ocr_line' id='line_1_57' title="bbox 1051 1439 1608 1512; baseline 0.007 -20"><span class='ocrx_word' id='word_1_261' title='bbox 1051 1455 1128 1510; x_wconf 91' lang='lat' dir='ltr'>cem,</span> <span class='ocrx_word' id='word_1_262' title='bbox 1141 1440 1267 1510; x_wconf 85' lang='lat' dir='ltr'>pecunia</span> <span class='ocrx_word' id='word_1_263' title='bbox 1275 1441 1378 1496; x_wconf 89' lang='lat' dir='ltr'>debita</span> <span class='ocrx_word' id='word_1_264' title='bbox 1389 1444 1533 1508; x_wconf 86' lang='lat' dir='ltr'>solvatur,</span> <span class='ocrx_word' id='word_1_265' title='bbox 1543 1439 1608 1512; x_wconf 79' lang='grc'>363,</span> 
     </span>
     <span class='ocr_line' id='line_1_58' title="bbox 1050 1525 1610 1602; baseline 0.007 -20"><span class='ocrx_word' id='word_1_266' title='bbox 1050 1525 1115 1597; x_wconf 81' lang='lat'>3653</span> <span class='ocrx_word' id='word_1_267' title='bbox 1142 1526 1291 1584; x_wconf 85' lang='lat' dir='ltr'>Andream</span> <span class='ocrx_word' id='word_1_268' title='bbox 1321 1530 1537 1602; x_wconf 89' lang='lat' dir='ltr'>Lippomanum</span> <span class='ocrx_word' id='word_1_269' title='bbox 1562 1547 1610 1586; x_wconf 84' lang='lat' dir='ltr'>ur·</span> 
     </span>
     <span class='ocr_line' id='line_1_59' title="bbox 1051 1617 1609 1686; baseline 0.007 -16"><span class='ocrx_word' id='word_1_270' title='bbox 1051 1623 1104 1686; x_wconf 88' lang='lat' dir='ltr'>get</span> <span class='ocrx_word' id='word_1_271' title='bbox 1118 1626 1151 1672; x_wconf 91' lang='lat' dir='ltr'>ut</span> <span class='ocrx_word' id='word_1_272' title='bbox 1166 1617 1302 1672; x_wconf 85' lang='lat' dir='ltr'>Frusium</span> <span class='ocrx_word' id='word_1_273' title='bbox 1321 1617 1463 1674; x_wconf 85' lang='lat' dir='ltr'>advenire</span> <span class='ocrx_word' id='word_1_274' title='bbox 1485 1619 1609 1674; x_wconf 87' lang='lat' dir='ltr'>Romam</span> 
     </span>
     <span class='ocr_line' id='line_1_60' title="bbox 1052 1705 1609 1780; baseline 0.005 -20"><span class='ocrx_word' id='word_1_275' title='bbox 1052 1705 1193 1778; x_wconf 88' lang='lat' dir='ltr'>patiatur,</span> <span class='ocrx_word' id='word_1_276' title='bbox 1216 1721 1282 1780; x_wconf 81' lang='lat'>4053</span> <span class='ocrx_word' id='word_1_277' title='bbox 1307 1725 1341 1763; x_wconf 87' lang='lat' dir='ltr'>se</span> <span class='ocrx_word' id='word_1_278' title='bbox 1366 1708 1445 1780; x_wconf 91' lang='lat' dir='ltr'>apud</span> <span class='ocrx_word' id='word_1_279' title='bbox 1473 1717 1609 1764; x_wconf 86' lang='lat' dir='ltr'>senatum</span> 
     </span>
     <span class='ocr_line' id='line_1_61' title="bbox 1055 1795 1610 1870; baseline 0.007 -22"><span class='ocrx_word' id='word_1_280' title='bbox 1055 1795 1162 1850; x_wconf 84' lang='lat' dir='ltr'>Montis</span> <span class='ocrx_word' id='word_1_281' title='bbox 1195 1796 1333 1852; x_wconf 87' lang='lat' dir='ltr'>Politiani</span> <span class='ocrx_word' id='word_1_282' title='bbox 1374 1805 1497 1852; x_wconf 83' lang='lat' dir='ltr'>excusat</span> <span class='ocrx_word' id='word_1_283' title='bbox 1530 1797 1610 1870; x_wconf 88' lang='lat' dir='ltr'>quod</span> 
     </span>
     <span class='ocr_line' id='line_1_62' title="bbox 1053 1883 1608 1959; baseline 0.007 -21"><span class='ocrx_word' id='word_1_284' title='bbox 1053 1883 1133 1939; x_wconf 90' lang='lat' dir='ltr'>illius</span> <span class='ocrx_word' id='word_1_285' title='bbox 1147 1886 1227 1940; x_wconf 80' lang='lat' dir='ltr'>votis</span> <span class='ocrx_word' id='word_1_286' title='bbox 1243 1895 1372 1959; x_wconf 87' lang='lat' dir='ltr'>nequeat</span> <span class='ocrx_word' id='word_1_287' title='bbox 1388 1903 1531 1957; x_wconf 84' lang='lat' dir='ltr'>annuere,</span> <span class='ocrx_word' id='word_1_288' title='bbox 1545 1887 1608 1959; x_wconf 77' lang='lat'>4883</span> 
     </span>
     <span class='ocr_line' id='line_1_63' title="bbox 1054 1973 1610 2031; baseline 0.007 -5"><span class='ocrx_word' id='word_1_289' title='bbox 1054 1973 1200 2028; x_wconf 82' lang='lat' dir='ltr'>Morbenii</span> <span class='ocrx_word' id='word_1_290' title='bbox 1212 1975 1296 2030; x_wconf 88' lang='lat' dir='ltr'>cives</span> <span class='ocrx_word' id='word_1_291' title='bbox 1316 1976 1452 2030; x_wconf 87' lang='lat' dir='ltr'>hortatur</span> <span class='ocrx_word' id='word_1_292' title='bbox 1469 1985 1502 2031; x_wconf 92' lang='lat' dir='ltr'>ut</span> <span class='ocrx_word' id='word_1_293' title='bbox 1516 1975 1610 2030; x_wconf 86' lang='lat' dir='ltr'>curio-</span> 
     </span>
     <span class='ocr_line' id='line_1_64' title="bbox 1053 2061 1608 2118; baseline 0.005 -4"><span class='ocrx_word' id='word_1_294' title='bbox 1053 2076 1122 2114; x_wconf 89' lang='lat' dir='ltr'>nem</span> <span class='ocrx_word' id='word_1_295' title='bbox 1153 2061 1212 2116; x_wconf 89' lang='lat' dir='ltr'>sibi</span> <span class='ocrx_word' id='word_1_296' title='bbox 1242 2062 1380 2117; x_wconf 90' lang='lat' dir='ltr'>idoneum</span> <span class='ocrx_word' id='word_1_297' title='bbox 1416 2064 1608 2118; x_wconf 70' lang='lat' dir='ltr'>constituant</span> 
     </span>
     <span class='ocr_line' id='line_1_65' title="bbox 1054 2151 1609 2222; baseline 0.009 -19"><span class='ocrx_word' id='word_1_298' title='bbox 1054 2159 1145 2219; x_wconf 88' lang='lat' dir='ltr'>negat</span> <span class='ocrx_word' id='word_1_299' title='bbox 1158 2167 1195 2206; x_wconf 90' lang='lat' dir='ltr'>eo</span> <span class='ocrx_word' id='word_1_300' title='bbox 1207 2167 1329 2206; x_wconf 90' lang='lat' dir='ltr'>munere</span> <span class='ocrx_word' id='word_1_301' title='bbox 1348 2151 1434 2222; x_wconf 81' lang='lat' dir='ltr'>fungi</span> <span class='ocrx_word' id='word_1_302' title='bbox 1452 2151 1609 2208; x_wconf 78' lang='lat' dir='ltr'>Galvanel·</span> 
     </span>
     <span class='ocr_line' id='line_1_66' title="bbox 1054 2238 1610 2314; baseline 0.009 -21"><span class='ocrx_word' id='word_1_303' title='bbox 1054 2238 1115 2293; x_wconf 91' lang='lat' dir='ltr'>lum</span> <span class='ocrx_word' id='word_1_304' title='bbox 1132 2255 1232 2310; x_wconf 89' lang='lat' dir='ltr'>posse,</span> <span class='ocrx_word' id='word_1_305' title='bbox 1255 2239 1320 2312; x_wconf 72' lang='lat'>6633</span> <span class='ocrx_word' id='word_1_306' title='bbox 1334 2259 1368 2296; x_wconf 86' lang='lat' dir='ltr'>se</span> <span class='ocrx_word' id='word_1_307' title='bbox 1386 2249 1512 2296; x_wconf 84' lang='lat' dir='ltr'>excusat</span> <span class='ocrx_word' id='word_1_308' title='bbox 1534 2241 1610 2314; x_wconf 89' lang='lat' dir='ltr'>apud</span> 
     </span>
     <span class='ocr_line' id='line_1_67' title="bbox 1054 2329 1609 2403; baseline 0.004 -19"><span class='ocrx_word' id='word_1_309' title='bbox 1054 2329 1258 2400; x_wconf 85' lang='lat' dir='ltr'>neapolitanos</span> <span class='ocrx_word' id='word_1_310' title='bbox 1284 2331 1366 2403; x_wconf 91' lang='lat' dir='ltr'>quod</span> <span class='ocrx_word' id='word_1_311' title='bbox 1396 2331 1609 2398; x_wconf 86' lang='lat' dir='ltr'>Salmeronem,</span> 
     </span>
     <span class='ocr_line' id='line_1_68' title="bbox 1053 2417 1609 2493; baseline 0.005 -21"><span class='ocrx_word' id='word_1_312' title='bbox 1053 2417 1189 2474; x_wconf 85' lang='lat' dir='ltr'>Tridenti</span> <span class='ocrx_word' id='word_1_313' title='bbox 1225 2431 1418 2493; x_wconf 88' lang='lat' dir='ltr'>occupatum,</span> <span class='ocrx_word' id='word_1_314' title='bbox 1456 2419 1609 2492; x_wconf 79' lang='lat' dir='ltr'>Neapolim</span> 
     </span>
     <span class='ocr_line' id='line_1_69' title="bbox 1055 2505 1608 2583; baseline 0.007 -21"><span class='ocrx_word' id='word_1_315' title='bbox 1055 2505 1238 2564; x_wconf 88' lang='lat' dir='ltr'>mitterenon</span> <span class='ocrx_word' id='word_1_316' title='bbox 1248 2511 1351 2580; x_wconf 89' lang='lat' dir='ltr'>possit,</span> <span class='ocrx_word' id='word_1_317' title='bbox 1359 2525 1406 2583; x_wconf 74' lang='lat'>943</span> <span class='ocrx_word' id='word_1_318' title='bbox 1416 2511 1524 2580; x_wconf 87' lang='lat' dir='ltr'>Joanni</span> <span class='ocrx_word' id='word_1_319' title='bbox 1538 2507 1608 2566; x_wconf 74' lang='lat' dir='ltr'>oso</span> 
     </span>
     <span class='ocr_line' id='line_1_70' title="bbox 1055 2597 1609 2671; baseline 0.004 -18"><span class='ocrx_word' id='word_1_320' title='bbox 1055 2597 1099 2653; x_wconf 90' lang='lat' dir='ltr'>rio</span> <span class='ocrx_word' id='word_1_321' title='bbox 1111 2599 1222 2668; x_wconf 84' lang='lat' dir='ltr'>gratias</span> <span class='ocrx_word' id='word_1_322' title='bbox 1234 2599 1297 2670; x_wconf 87' lang='lat' dir='ltr'>agit</span> <span class='ocrx_word' id='word_1_323' title='bbox 1308 2597 1347 2654; x_wconf 90' lang='lat' dir='ltr'>de</span> <span class='ocrx_word' id='word_1_324' title='bbox 1364 2609 1472 2654; x_wconf 86' lang='lat' dir='ltr'>navata</span> <span class='ocrx_word' id='word_1_325' title='bbox 1489 2601 1528 2655; x_wconf 89' lang='lat' dir='ltr'>ab</span> <span class='ocrx_word' id='word_1_326' title='bbox 1546 2599 1609 2671; x_wconf 89' lang='lat' dir='ltr'>ipso</span> 
     </span>
     <span class='ocr_line' id='line_1_71' title="bbox 1056 2687 1610 2761; baseline 0.007 -20"><span class='ocrx_word' id='word_1_327' title='bbox 1056 2688 1240 2743; x_wconf 87' lang='lat' dir='ltr'>messanensi</span> <span class='ocrx_word' id='word_1_328' title='bbox 1264 2687 1391 2760; x_wconf 88' lang='lat' dir='ltr'>collegio</span> <span class='ocrx_word' id='word_1_329' title='bbox 1419 2704 1520 2760; x_wconf 81' lang='lat' dir='ltr'>opera3</span> <span class='ocrx_word' id='word_1_330' title='bbox 1547 2705 1610 2761; x_wconf 90' lang='lat' dir='ltr'>pro·</span> 
     </span>
     <span class='ocr_line' id='line_1_72' title="bbox 1056 2775 1609 2848; baseline 0.004 -18"><span class='ocrx_word' id='word_1_331' title='bbox 1056 2775 1146 2830; x_wconf 89' lang='lat' dir='ltr'>missa</span> <span class='ocrx_word' id='word_1_332' title='bbox 1163 2775 1327 2842; x_wconf 85' lang='lat' dir='ltr'>confirmat,</span> <span class='ocrx_word' id='word_1_333' title='bbox 1342 2777 1405 2848; x_wconf 72' lang='lat'>1163</span> <span class='ocrx_word' id='word_1_334' title='bbox 1417 2779 1542 2832; x_wconf 89' lang='lat' dir='ltr'>comiter</span> <span class='ocrx_word' id='word_1_335' title='bbox 1559 2794 1609 2832; x_wconf 90' lang='lat' dir='ltr'>ne-</span> 
     </span>
     <span class='ocr_line' id='line_1_73' title="bbox 1055 2864 1609 2938; baseline 0.004 -19"><span class='ocrx_word' id='word_1_336' title='bbox 1055 2873 1108 2936; x_wconf 84' lang='lat' dir='ltr'>gat</span> <span class='ocrx_word' id='word_1_337' title='bbox 1119 2865 1324 2937; x_wconf 88' lang='lat' dir='ltr'>parmensibus</span> <span class='ocrx_word' id='word_1_338' title='bbox 1345 2867 1453 2936; x_wconf 90' lang='lat' dir='ltr'>socios,</span> <span class='ocrx_word' id='word_1_339' title='bbox 1465 2883 1541 2938; x_wconf 89' lang='lat' dir='ltr'>quos</span> <span class='ocrx_word' id='word_1_340' title='bbox 1560 2864 1609 2921; x_wconf 89' lang='lat' dir='ltr'>de·</span> 
     </span>
     <span class='ocr_line' id='line_1_74' title="bbox 1056 2953 1609 3026; baseline 0.004 -19"><span class='ocrx_word' id='word_1_341' title='bbox 1056 2954 1228 3026; x_wconf 85' lang='lat' dir='ltr'>poscebant,</span> <span class='ocrx_word' id='word_1_342' title='bbox 1247 2953 1311 3022; x_wconf 85' lang='lat'><strong>232;</strong></span> <span class='ocrx_word' id='word_1_343' title='bbox 1325 2957 1430 3026; x_wconf 88' lang='lat' dir='ltr'>probat</span> <span class='ocrx_word' id='word_1_344' title='bbox 1447 2963 1481 3009; x_wconf 95' lang='lat' dir='ltr'>ut</span> <span class='ocrx_word' id='word_1_345' title='bbox 1498 2954 1609 3009; x_wconf 81' lang='lat' dir='ltr'>Patavii</span> 
     </span>
     <span class='ocr_line' id='line_1_75' title="bbox 1056 3041 1609 3115; baseline 0.002 -19"><span class='ocrx_word' id='word_1_346' title='bbox 1056 3041 1176 3096; x_wconf 84' lang='lat' dir='ltr'>scholae</span> <span class='ocrx_word' id='word_1_347' title='bbox 1185 3041 1385 3112; x_wconf 82' lang='lat' dir='ltr'>instituantur,</span> <span class='ocrx_word' id='word_1_348' title='bbox 1396 3053 1458 3110; x_wconf 75' lang='lat'>174;</span> <span class='ocrx_word' id='word_1_349' title='bbox 1465 3043 1609 3115; x_wconf 88' lang='lat' dir='ltr'>Philippo,</span> 
     </span>
    </p>
   </div>
   <div class='ocr_carea' id='block_1_4' title="bbox 1032 3125 1608 3202">
    <p class='ocr_par' dir='ltr' id='par_1_4' title="bbox 1032 3125 1608 3202">
     <span class='ocr_line' id='line_1_76' title="bbox 1032 3125 1608 3202; baseline 0.003 -19"><span class='ocrx_word' id='word_1_350' title='bbox 1032 3125 1037 3138; x_wconf 90' lang='grc'><strong>’</strong></span> <span class='ocrx_word' id='word_1_351' title='bbox 1057 3127 1219 3200; x_wconf 80' lang='lat' dir='ltr'>Hispaniae</span> <span class='ocrx_word' id='word_1_352' title='bbox 1231 3128 1368 3201; x_wconf 85' lang='lat' dir='ltr'>principi,</span> <span class='ocrx_word' id='word_1_353' title='bbox 1379 3129 1492 3200; x_wconf 87' lang='lat' dir='ltr'>gratias</span> <span class='ocrx_word' id='word_1_354' title='bbox 1501 3129 1563 3202; x_wconf 87' lang='lat' dir='ltr'>agit</span> <span class='ocrx_word' id='word_1_355' title='bbox 1571 3133 1608 3185; x_wconf 87' lang='lat' dir='ltr'>ob</span> 
     </span>
    </p>
   </div>
   <div class='ocr_carea' id='block_1_5' title="bbox 1056 3216 1622 4360">
    <p class='ocr_par' dir='ltr' id='par_1_5' title="bbox 1056 3216 1622 4360">
     <span class='ocr_line' id='line_1_77' title="bbox 1057 3216 1608 3292; baseline 0.004 -20"><span class='ocrx_word' id='word_1_356' title='bbox 1057 3216 1188 3273; x_wconf 81' lang='lat' dir='ltr'>favorem</span> <span class='ocrx_word' id='word_1_357' title='bbox 1201 3217 1346 3273; x_wconf 88' lang='lat' dir='ltr'>Societati</span> <span class='ocrx_word' id='word_1_358' title='bbox 1359 3219 1545 3292; x_wconf 86' lang='lat' dir='ltr'>praestitum,</span> <span class='ocrx_word' id='word_1_359' title='bbox 1567 3235 1608 3274; x_wconf 79' lang='lat' dir='ltr'>ro</span> 
     </span>
     <span class='ocr_line' id='line_1_78' title="bbox 1056 3307 1610 3380; baseline 0.004 -18"><span class='ocrx_word' id='word_1_360' title='bbox 1056 3315 1206 3380; x_wconf 89' lang='lat' dir='ltr'>gatqueut</span> <span class='ocrx_word' id='word_1_361' title='bbox 1214 3307 1425 3362; x_wconf 90' lang='lat' dir='ltr'>coenobiorum</span> <span class='ocrx_word' id='word_1_362' title='bbox 1434 3307 1610 3364; x_wconf 83' lang='lat' dir='ltr'>emendatio-</span> 
     </span>
     <span class='ocr_line' id='line_1_79' title="bbox 1058 3397 1609 3469; baseline 0.004 -19"><span class='ocrx_word' id='word_1_363' title='bbox 1058 3413 1127 3450; x_wconf 88' lang='lat' dir='ltr'>nem</span> <span class='ocrx_word' id='word_1_364' title='bbox 1136 3397 1411 3469; x_wconf 51' lang='lat' dir='ltr'>prosequamur&amp;</span> <span class='ocrx_word' id='word_1_365' title='bbox 1422 3399 1529 3468; x_wconf 89' lang='lat' dir='ltr'>Joanni</span> <span class='ocrx_word' id='word_1_366' title='bbox 1539 3397 1609 3468; x_wconf 84' lang='lat' dir='ltr'>Pog-</span> 
     </span>
     <span class='ocr_line' id='line_1_80' title="bbox 1057 3483 1610 3558; baseline 0.005 -21"><span class='ocrx_word' id='word_1_367' title='bbox 1057 3483 1119 3556; x_wconf 85' lang='lat' dir='ltr'>gio‚</span> <span class='ocrx_word' id='word_1_368' title='bbox 1133 3499 1259 3556; x_wconf 87' lang='lat' dir='ltr'>purpura</span> <span class='ocrx_word' id='word_1_369' title='bbox 1279 3500 1386 3540; x_wconf 88' lang='lat' dir='ltr'>recens</span> <span class='ocrx_word' id='word_1_370' title='bbox 1407 3493 1522 3554; x_wconf 87' lang='lat' dir='ltr'>ornato,</span> <span class='ocrx_word' id='word_1_371' title='bbox 1542 3503 1610 3558; x_wconf 88' lang='lat' dir='ltr'>gra·</span> 
     </span>
     <span class='ocr_line' id='line_1_81' title="bbox 1058 3557 1607 3645; baseline 0.007 -19"><span class='ocrx_word' id='word_1_372' title='bbox 1058 3573 1178 3643; x_wconf 89' lang='lat' dir='ltr'>tulatur,</span> <span class='ocrx_word' id='word_1_373' title='bbox 1191 3581 1222 3626; x_wconf 91' lang='lat' dir='ltr'>et</span> <span class='ocrx_word' id='word_1_374' title='bbox 1230 3573 1341 3643; x_wconf 79' lang='lat' dir='ltr'>gratias</span> <span class='ocrx_word' id='word_1_375' title='bbox 1351 3557 1414 3644; x_wconf 84' lang='lat' dir='ltr'>agit</span> <span class='ocrx_word' id='word_1_376' title='bbox 1423 3575 1463 3628; x_wconf 94' lang='lat' dir='ltr'>ob</span> <span class='ocrx_word' id='word_1_377' title='bbox 1471 3573 1607 3645; x_wconf 88' lang='lat' dir='ltr'>studium,</span> 
     </span>
     <span class='ocr_line' id='line_1_82' title="bbox 1058 3659 1609 3735; baseline 0.007 -20"><span class='ocrx_word' id='word_1_378' title='bbox 1058 3678 1117 3735; x_wconf 93' lang='lat' dir='ltr'>quo</span> <span class='ocrx_word' id='word_1_379' title='bbox 1141 3659 1323 3717; x_wconf 86' lang='lat' dir='ltr'>Societatem</span> <span class='ocrx_word' id='word_1_380' title='bbox 1346 3663 1545 3735; x_wconf 87' lang='lat' dir='ltr'>prosequitur,</span> <span class='ocrx_word' id='word_1_381' title='bbox 1567 3679 1609 3735; x_wconf 80' lang='lat'>54,</span> 
     </span>
     <span class='ocr_line' id='line_1_83' title="bbox 1059 3747 1608 3823; baseline 0 -19"><span class='ocrx_word' id='word_1_382' title='bbox 1059 3747 1123 3819; x_wconf 83' lang='lat'><strong>248;</strong></span> <span class='ocrx_word' id='word_1_383' title='bbox 1137 3749 1296 3820; x_wconf 88' lang='lat' dir='ltr'>Polletum,</span> <span class='ocrx_word' id='word_1_384' title='bbox 1308 3750 1513 3823; x_wconf 88' lang='lat' dir='ltr'>inquisitorem</span> <span class='ocrx_word' id='word_1_385' title='bbox 1533 3751 1608 3820; x_wconf 83' lang='lat' dir='ltr'>fidei,</span> 
     </span>
     <span class='ocr_line' id='line_1_84' title="bbox 1060 3839 1611 3911; baseline 0 -17"><span class='ocrx_word' id='word_1_386' title='bbox 1060 3841 1204 3894; x_wconf 89' lang='lat' dir='ltr'>bonorum</span> <span class='ocrx_word' id='word_1_387' title='bbox 1221 3855 1343 3911; x_wconf 89' lang='lat' dir='ltr'>operum</span> <span class='ocrx_word' id='word_1_388' title='bbox 1364 3839 1524 3896; x_wconf 89' lang='lat' dir='ltr'>Societatis</span> <span class='ocrx_word' id='word_1_389' title='bbox 1545 3839 1611 3896; x_wconf 81' lang='lat' dir='ltr'>iacit</span> 
     </span>
     <span class='ocr_line' id='line_1_85' title="bbox 1060 3925 1610 3998; baseline 0.005 -17"><span class='ocrx_word' id='word_1_390' title='bbox 1060 3925 1250 3998; x_wconf 86' lang='lat' dir='ltr'>participem,</span> <span class='ocrx_word' id='word_1_391' title='bbox 1282 3939 1332 3995; x_wconf 81' lang='lat'>50;</span> <span class='ocrx_word' id='word_1_392' title='bbox 1372 3929 1551 3984; x_wconf 81' lang='lat' dir='ltr'>benevolum</span> <span class='ocrx_word' id='word_1_393' title='bbox 1578 3945 1610 3984; x_wconf 78' lang='lat' dir='ltr'>se</span> 
     </span>
     <span class='ocr_line' id='line_1_86' title="bbox 1063 4015 1622 4090; baseline 0 -18"><span class='ocrx_word' id='word_1_394' title='bbox 1063 4015 1197 4074; x_wconf 87' lang='lat' dir='ltr'>ostendit</span> <span class='ocrx_word' id='word_1_395' title='bbox 1209 4033 1280 4088; x_wconf 87' lang='lat' dir='ltr'>erga</span> <span class='ocrx_word' id='word_1_396' title='bbox 1292 4015 1429 4072; x_wconf 85' lang='lat' dir='ltr'>Ramirez</span> <span class='ocrx_word' id='word_1_397' title='bbox 1446 4016 1485 4073; x_wconf 93' lang='lat' dir='ltr'>de</span> <span class='ocrx_word' id='word_1_398' title='bbox 1507 4017 1622 4090; x_wconf 60' lang='lat' dir='ltr'>Vergu-⁴</span> 
     </span>
     <span class='ocr_line' id='line_1_87' title="bbox 1061 4107 1611 4181; baseline 0.004 -19"><span class='ocrx_word' id='word_1_399' title='bbox 1061 4123 1104 4180; x_wconf 87' lang='lat' dir='ltr'>ra,</span> <span class='ocrx_word' id='word_1_400' title='bbox 1120 4117 1166 4180; x_wconf 80' lang='lat'>573</span> <span class='ocrx_word' id='word_1_401' title='bbox 1181 4107 1259 4180; x_wconf 91' lang='lat' dir='ltr'>apud</span> <span class='ocrx_word' id='word_1_402' title='bbox 1277 4108 1438 4164; x_wconf 84' lang='lat' dir='ltr'>Ravennae</span> <span class='ocrx_word' id='word_1_403' title='bbox 1460 4109 1611 4181; x_wconf 84' lang='lat' dir='ltr'>Sapientes</span> 
     </span>
     <span class='ocr_line' id='line_1_88' title="bbox 1061 4197 1612 4270; baseline 0.004 -18"><span class='ocrx_word' id='word_1_404' title='bbox 1061 4213 1094 4252; x_wconf 91' lang='lat' dir='ltr'>se</span> <span class='ocrx_word' id='word_1_405' title='bbox 1105 4207 1229 4252; x_wconf 84' lang='lat' dir='ltr'>excusat</span> <span class='ocrx_word' id='word_1_406' title='bbox 1237 4197 1317 4270; x_wconf 91' lang='lat' dir='ltr'>quod</span> <span class='ocrx_word' id='word_1_407' title='bbox 1329 4197 1454 4268; x_wconf 89' lang='lat' dir='ltr'>socium,</span> <span class='ocrx_word' id='word_1_408' title='bbox 1463 4213 1552 4270; x_wconf 88' lang='lat' dir='ltr'>quem</span> <span class='ocrx_word' id='word_1_409' title='bbox 1564 4213 1612 4270; x_wconf 94' lang='lat' dir='ltr'>po·</span> 
     </span>
     <span class='ocr_line' id='line_1_89' title="bbox 1061 4284 1611 4360; baseline 0 -18"><span class='ocrx_word' id='word_1_410' title='bbox 1061 4288 1221 4358; x_wconf 87' lang='lat' dir='ltr'>stulabant,</span> <span class='ocrx_word' id='word_1_411' title='bbox 1241 4294 1370 4360; x_wconf 87' lang='lat' dir='ltr'>nequeat</span> <span class='ocrx_word' id='word_1_412' title='bbox 1398 4285 1530 4352; x_wconf 85' lang='lat' dir='ltr'>mittere,</span> <span class='ocrx_word' id='word_1_413' title='bbox 1550 4284 1611 4353; x_wconf 78' lang='lat'>6353</span> 
     </span>
    </p>
   </div>
   <div class='ocr_carea' id='block_1_6' title="bbox 1061 4373 1614 4534">
    <p class='ocr_par' dir='ltr' id='par_1_6' title="bbox 1061 4373 1614 4534">
     <span class='ocr_line' id='line_1_90' title="bbox 1061 4373 1614 4446; baseline 0.002 -17"><span class='ocrx_word' id='word_1_414' title='bbox 1061 4375 1214 4446; x_wconf 85' lang='lat' dir='ltr'>utJoanni</span> <span class='ocrx_word' id='word_1_415' title='bbox 1235 4374 1274 4430; x_wconf 92' lang='lat' dir='ltr'>de</span> <span class='ocrx_word' id='word_1_416' title='bbox 1297 4374 1400 4430; x_wconf 86' lang='lat' dir='ltr'>Rossia</span> <span class='ocrx_word' id='word_1_417' title='bbox 1416 4373 1543 4446; x_wconf 83' lang='lat' dir='ltr'>gratiam</span> <span class='ocrx_word' id='word_1_418' title='bbox 1565 4391 1614 4430; x_wconf 88' lang='lat' dir='ltr'>no·</span> 
     </span>
     <span class='ocr_line' id='line_1_91' title="bbox 1061 4459 1613 4534; baseline 0.007 -20"><span class='ocrx_word' id='word_1_419' title='bbox 1061 4459 1115 4515; x_wconf 89' lang='lat' dir='ltr'>stri</span> <span class='ocrx_word' id='word_1_420' title='bbox 1146 4459 1287 4531; x_wconf 80' lang='lat' dir='ltr'>referant,</span> <span class='ocrx_word' id='word_1_421' title='bbox 1317 4461 1521 4522; x_wconf 75' lang='lat' dir='ltr'>commendat:</span> <span class='ocrx_word' id='word_1_422' title='bbox 1552 4459 1613 4534; x_wconf 80' lang='lat' dir='ltr'>ipre</span> 
     </span>
    </p>
   </div>
   <div class='ocr_carea' id='block_1_7' title="bbox 1062 4546 1615 4725">
    <p class='ocr_par' dir='ltr' id='par_1_7' title="bbox 1062 4546 1615 4725">
     <span class='ocr_line' id='line_1_92' title="bbox 1062 4546 1614 4621; baseline 0.002 -18"><span class='ocrx_word' id='word_1_423' title='bbox 1062 4549 1172 4620; x_wconf 87' lang='lat' dir='ltr'>gratias</span> <span class='ocrx_word' id='word_1_424' title='bbox 1194 4551 1268 4621; x_wconf 81' lang='lat' dir='ltr'>agit,</span> <span class='ocrx_word' id='word_1_425' title='bbox 1286 4561 1332 4619; x_wconf 80' lang='lat'>42,</span> <span class='ocrx_word' id='word_1_426' title='bbox 1355 4546 1402 4618; x_wconf 79' lang='lat'>433</span> <span class='ocrx_word' id='word_1_427' title='bbox 1424 4549 1528 4605; x_wconf 88' lang='lat' dir='ltr'>annuit</span> <span class='ocrx_word' id='word_1_428' title='bbox 1550 4547 1614 4605; x_wconf 87' lang='lat' dir='ltr'>Sili·</span> 
     </span>
     <span class='ocr_line' id='line_1_93' title="bbox 1062 4637 1615 4725; baseline 0 -30"><span class='ocrx_word' id='word_1_429' title='bbox 1062 4655 1117 4695; x_wconf 91' lang='lat' dir='ltr'>ceo</span> <span class='ocrx_word' id='word_1_430' title='bbox 1130 4646 1163 4695; x_wconf 94' lang='lat' dir='ltr'>ut</span> <span class='ocrx_word' id='word_1_431' title='bbox 1176 4639 1206 4694; x_wconf 92' lang='lat' dir='ltr'>in</span> <span class='ocrx_word' id='word_1_432' title='bbox 1220 4637 1398 4725; x_wconf 79' lang='lat' dir='ltr'>exercendis</span> <span class='ocrx_word' id='word_1_433' title='bbox 1418 4637 1496 4695; x_wconf 83' lang='lat' dir='ltr'>intra</span> <span class='ocrx_word' id='word_1_434' title='bbox 1514 4639 1615 4696; x_wconf 84' lang='lat' dir='ltr'>toleta·</span> 
     </span>
    </p>
   </div>
   <div class='ocr_carea' id='block_1_8' title="bbox 0 0 1840 5417">
    <p class='ocr_par' dir='ltr' id='par_1_8' title="bbox 0 0 1840 5417">
     <span class='ocr_line' id='line_1_94' title="bbox 0 0 1840 5417; baseline 0 0"><span class='ocrx_word' id='word_1_435' title='bbox 0 0 1840 5417; x_wconf 95' lang='lat' dir='ltr'> </span> 
     </span>
    </p>
   </div>
  </div>
 </body>
</html>
