3634 5417
556 534 661 589 Epist.
682 508 837 619 2861J7-10
856 532 1056 592 succurrens
1077 548 1146 605 1552
1377 555 1433 611 409

236 704 347 751 ranno
360 683 464 751 etiam
481 684 541 771 piu
557 684 670 754 idonei
685 684 781 753 accio
796 686 893 754 siano
909 688 1070 757 accettati
1086 686 1119 754 d'
1139 689 1235 757 lddio
1257 712 1318 777 per
1337 690 1467 758 instru-

234 800 340 869 menti
364 801 445 869 dell'
470 800 697 875 edifficatione
719 803 764 872 de
787 802 890 888 quelli
915 801 949 871 di
978 805 1075 871 fuora
1103 817 1138 875 et
1161 806 1251 875 della
1274 808 1466 893 perpetuitd

229 916 323 983 della
339 914 554 985 fondatione.
1229 996 1233 1003 ,

302 1032 431 1123 Primo,
479 1034 655 1118 Adunque
671 1034 754 1119 ogni
770 1056 840 1100 vno
855 1035 1071 1103 rettificando
1087 1036 1119 1102 la
1135 1058 1198 1104 sua
1210 1012 1413 1118 intentione,
1433 1041 1468 1107 in

148 1164 153 1173 ·
233 1148 336 1213 modo
350 1149 418 1215 che
433 1148 634 1217 totaimentc
649 1160 804 1235 quaerat,
822 1172 892 1216 non
908 1171 997 1236 quae
1013 1173 1076 1218 sua
1091 1163 1184 1231 sunt,
1203 1154 1264 1219 sed
1280 1176 1369 1239 quae
1391 1156 1468 1222 Iesu

233 1263 315 1349 Xpi.
333 1264 361 1346 ³,
378 1284 416 1330 se
431 1262 535 1331 ssorzi
549 1264 593 1333 de
608 1263 752 1351 pigliare
767 1266 890 1351 grandi
907 1266 1071 1354 propositi
1087 1279 1122 1334 et
1134 1267 1291 1335 desiderii
1305 1270 1339 1335 d’
1352 1292 1467 1339 essere

233 1398 317 1445 vero
331 1391 367 1448 et
387 1379 489 1447 fidele
509 1401 611 1448 seruo
627 1381 675 1446 de
694 1380 774 1464 Dio,
797 1393 832 1449 et
855 1382 976 1449 render
998 1384 1066 1449 bon
1087 1394 1190 1450 conto
1211 1384 1245 1449 di
1267 1406 1306 1454 se
1328 1385 1362 1451 in
1384 1386 1468 1473 ogni

232 1514 313 1561 cosa
328 1498 393 1561 che
409 1495 432 1560 li
448 1495 524 1563 serzi
546 1517 703 1565 comessa
721 1517 788 1563 con
805 1518 885 1565 vera
906 1497 1239 1585 abnegationedella
1256 1501 1391 1586 propria
1407 1524 1467 1569 vo·
1571 1560 1575 1567 .

233 1610 331 1677 lunt&
346 1622 381 1676 et
396 1610 564 1697 giudicio,
581 1612 879 1681 sottomettendosi
891 1624 905 1652 ⁸
919 1615 1117 1681 totalmente
1132 1615 1164 1681 al
1178 1636 1332 1701 gouerno
1345 1617 1388 1685 de
1400 1618 1467 1684 Dio

232 1746 294 1811 per
312 1748 429 1793 mezzo
449 1728 540 1795 della
559 1739 673 1795 sanita
692 1728 904 1811 obediencia,
928 1732 990 1796 hor
1012 1729 1108 1797 siano
1133 1729 1308 1815 adoperati
1330 1731 1365 1797 in
1387 1754 1467 1800 cose

233 1842 315 1923 alte,
335 1843 400 1907 hor
416 1842 451 1909 in
467 1864 547 1911 cose
562 1845 675 1931 basse,
694 1855 729 1911 et
749 1844 905 1912 {acciano
923 1846 1068 1911 orationi
1091 1846 1239 1914 feruenti
1260 1858 1389 1931 quanto
1405 1870 1467 1934 po·

236 1971 359 2023 tranno
374 1952 439 2043 per'
450 1969 586 2027 ottener
601 1970 721 2044 questa
737 1960 849 2046 gratia
864 1960 921 2027 dal
937 1960 1104 2030 donatore
1118 1962 1153 2026 d'
1173 1961 1257 2048 ogni
1273 1964 1374 2044 bene,
1393 1976 1428 2032 et
1444 1965 1468 2031 il

235 2094 322 2159 capo
339 2076 371 2143 le
386 2076 443 2141 dia
458 2074 571 2161 questi
587 2076 722 2143 ricordo
737 2075 810 2164 [sic]
827 2076 892 2143 alle
908 2077 1013 2145 volte.

302 2189 355 2259 2.⁰
400 2191 437 2258 S'
455 2190 588 2258 osserui
604 2202 733 2277 quanto
748 2190 777 2259 si
799 2192 896 2278 potrd
917 2194 940 2259 l'
963 2194 1084 2262 ordine
1104 2204 1139 2259 et
1160 2195 1261 2261 modo
1282 2197 1325 2263 de
1345 2206 1467 2279 questo

231 2305 392 2392 collegio,
415 2306 660 2391 specialmente
680 2309 737 2373 nel
752 2310 959 2390 confessore,
983 2308 1202 2376 comunicare
1221 2310 1304 2397 ogni
1321 2321 1395 2377 otto
1416 2310 1465 2395 di,
1565 2384 1567 2387 ,

231 2432 267 2485 et
287 2420 473 2489 essaminar
493 2422 525 2488 la
546 2421 768 2503 conscientia,
790 2435 825 2490 et
845 2422 953 2491 sentir
974 2422 1076 2491 missa
1097 2424 1133 2491 in
1154 2446 1232 2491 casa
1253 2424 1336 2512 ogni
1358 2426 1407 2509 di;
1430 2438 1467 2495 et

115 2600 121 2613 ,
232 2538 301 2603 nel'
318 2536 493 2605 essercitio
513 2538 593 2604 dell’
615 2537 809 2605 obedientia
831 2550 865 2608 et
886 2560 956 2605 non
981 2541 1128 2627 praticar
1148 2562 1213 2607 eon
1235 2540 1402 2609 forastieri
1427 2564 1465 2611 se
1542 2542 1547 2551 '

232 2673 305 2718 non
319 2656 496 2721 conforme
511 2653 567 2719 all’
585 2652 705 2719 ordine
727 2656 792 2722 che
811 2654 887 2721 sarai
910 2654 1036 2722 donato
1057 2676 1118 2741 per
1133 2654 1157 2722 il
1175 2665 1293 2736 rettor‚
1317 2656 1342 2722 il
1364 2658 1466 2741 quale

231 2765 338 2835 vedrt
353 2779 482 2853 quanto
496 2768 526 2835 si
547 2768 671 2836 debbia
693 2779 879 2839 comettcre
903 2771 946 2837 ad
970 2769 1125 2855 ogniuno
1151 2793 1212 2857 per
1236 2771 1396 2839 edificare
1420 2774 1464 2839 ad

231 2884 310 2949 altri
326 2904 429 2951 sanza
443 2883 596 2971 periculo
613 2884 648 2949 di
665 2906 714 2951 se.

300 3000 352 3085 3.⁰
398 3002 531 3067 Dentro
546 3000 581 3065 di
598 3020 678 3067 casa
693 3003 722 3067 s’
740 2998 939 3069 essercitino
956 3000 1271 3085 quotidianamente
1283 3004 1338 3070 nel
1355 3004 1465 3089 predi·

230 3136 304 3195 car,
322 3136 390 3181 vno
406 3116 441 3182 in
456 3138 503 3181 vn
520 3116 569 3197 di,
587 3118 676 3183 altro
692 3116 726 3181 in
744 3116 830 3183 altro
846 3116 936 3183 della
956 3117 1149 3199 settimana,
1176 3118 1210 3184 in
1235 3129 1329 3187 tanto
1347 3120 1414 3186 che
1436 3120 1464 3186 si
1557 3169 1562 3180 ,

126 3296 135 3303 .
231 3231 371 3319 uraugia
385 3253 407 3298 ο
421 3231 450 3297 si
467 3253 567 3312 cena,
585 3253 654 3299 non
675 3234 799 3299 stando
819 3230 877 3317 piu
898 3232 935 3297 d’
955 3236 1011 3299 un'
1038 3233 1124 3299 hora
1144 3254 1164 3299 a
1185 3254 1308 3320 pensat
1331 3233 1363 3301 la
1384 3256 1463 3319 pre-

228 3346 307 3415 dica
327 3349 393 3415 che
413 3348 450 3425 si
458 3348 537 3414 rare
559 3350 615 3415 nel
636 3347 824 3417 resettorio:
847 3359 882 3416 et
898 3370 1001 3417 senza
1017 3360 1140 3433 questo
1160 3349 1306 3433 qualche
1322 3352 1414 3417 volta
1433 3354 1464 3418 s’

234 3461 434 3531 essercitino
451 3462 487 3529 in
502 3463 657 3549 predicar
673 3464 818 3551 vulgare
833 3475 867 3529 et
883 3463 1001 3545 latino,
1019 3466 1296 3551 preponendosse
1310 3464 1333 3531 il
1348 3466 1463 3534 thema

228 3579 329 3644 accio
343 3579 460 3645 subito
479 3578 508 3645 si
531 3578 683 3665 predichi
703 3577 739 3644 di
760 3580 886 3665 quello,
912 3593 947 3647 ct
967 3579 1070 3647 etiam
1091 3578 1125 3646 in
1146 3601 1252 3667 greco
1274 3580 1418 3648 facendo
1439 3582 1462 3648 li

230 3694 315 3776 toni;
343 3716 410 3780 pur
437 3706 559 3779 questo
586 3697 738 3763 secondo
766 3697 798 3762 la
825 3694 1047 3781 dispositione
1074 3695 1154 3762 delli
1177 3696 1326 3771 scholari
1350 3698 1459 3784 potria

229 3809 382 3878 variarsi.

294 3924 348 4008 4.⁰
393 3926 547 3995 Attenda
563 3925 717 4012 ogniuno
732 3927 775 3993 ad
791 3926 992 4013 aggiutarse
1008 3927 1097 3995 nelle
1119 3928 1225 3995 letere
1244 3937 1279 3995 et
1301 3926 1463 4013 aggiutar

229 4039 252 4104 l'
267 4041 345 4107 altri
360 4042 544 4109 studiando
559 4062 581 4109 o
596 4043 743 4133 legendo
758 4044 872 4128 quello
888 4042 912 4108 li
928 4042 1003 4109 sard
1020 4054 1187 4129 proposto
1202 4064 1264 4129 per
1279 4043 1304 4108 il
1321 4054 1460 4125 rettore3

226 4168 262 4223 et
278 4157 439 4225 habbiase
455 4179 539 4224 cura
553 4158 620 4225 che
635 4158 669 4227 le
683 4157 818 4225 lettioni
834 4158 932 4224 siano
946 4157 1205 4243 proposcionate
1223 4157 1279 4223 alli
1295 4157 1456 4238 auditori,

225 4283 262 4340 et
281 4275 346 4341 che
368 4273 466 4340 siano
494 4274 756 4359 perfettamente
784 4272 914 4339 fondati
939 4274 1028 4339 nella
1051 4272 1275 4361 grammatica
1302 4274 1399 4355 tutti3
1428 4285 1462 4341 et

225 4387 324 4455 vsino
340 4387 363 4454 il
380 4409 596 4475 componere3
615 4390 778 4456 hauend)
793 4410 876 4456 cura
892 4388 915 4454 li
933 4389 1072 4457 maestri
1088 4390 1121 4455 d'
1141 4390 1335 4471 emendare3
1350 4402 1385 4457 et
1402 4390 1456 4455 di·

277 4611 291 4639 ·
326 4594 606 4651 sottomenttendosi
620 4614 675 4653 ms.

278 4758 291 4792 ¹
329 4758 378 4812 Ao
391 4757 522 4828 Primo,
538 4756 577 4826 11,
592 4768 638 4813 21.
