3634 5417
781 542 989 598 Mouuurrura
1007 542 1189 598 lunarum

930 697 1037 777 33⁰5

623 829 805 899 paruus
835 830 1016 898 SILVIUS
1045 824 1122 916 [Ex
1151 827 1335 912 conus]

836 960 986 1032 Joauur
1005 959 1125 1018 nerto

779 1097 867 1140 noun
887 1085 922 1139 28
940 1083 1139 1152 uarrn1553
1158 1084 1179 1142 ¹.

363 1210 400 1265 In
414 1210 590 1266 Societmm
603 1211 640 1264 ab
653 1209 775 1283 [giratio
789 1211 912 1265 Ratium
925 1212 1096 1280 cooptatum
1108 1199 1608 1282 mereunt-Nemeoollegio

605 1299 852 1354 administrando
869 1299 1003 1363 intricat,
1016 1299 1186 1370 prudenter
1201 1300 1354 1357 Mmonet.

922 1423 1038 1566 ,ta

429 1619 550 1688 Gratia
564 1631 599 1688 et
615 1641 682 1706 pax
697 1618 827 1686 domini
843 1619 950 1686 nostri
962 1622 1046 1708 Jesu
1067 1620 1196 1688 Christi
1215 1641 1351 1706 semper
1370 1631 1544 1707 augeatur
1566 1619 1605 1686 in

365 1734 490 1802 nostris
506 1735 657 1802 omnium
675 1735 848 1802 cordibus
869 1735 1020 1828 [Amem]
1035 1748 1062 1804 ⁸.

432 1851 548 1932 Salue,
567 1851 749 1937 plurimum
766 1851 800 1917 in
817 1851 959 1918 Christo
974 1855 1060 1940 Jesu
1081 1853 1185 1918 frater
1199 1851 1410 1918 charissime.
1426 1852 1465 1921 Si
1485 1853 1597 1932 vales,

365 1967 466 2048 bene;
484 1977 519 2032 et
535 1988 597 2033 nos
612 1966 668 2032 hic
684 1988 804 2036 omnes
819 1964 931 2058 [bene]
946 1966 961 2006 δ
976 1968 1143 2035 valemus.

427 2082 503 2169 Jam
524 2081 653 2167 aliquot
674 2093 755 2150 ante
775 2082 950 2149 mensibus
970 2082 1101 2150 litteras
1122 2093 1200 2150 tuas
1219 2081 1349 2168 recepit
1372 2085 1458 2149 Rev.
1485 2093 1606 2150 noster

367 2198 407 2264 P.
426 2197 592 2283 Ignatius,
611 2198 797 2282 quibus'ad
813 2198 928 2264 omnia
941 2197 1122 2265 Societatis
1137 2199 1303 2283 obsequia
1318 2211 1475 2284 paratum
1493 2210 1529 2267 te
1540 2219 1606 2264 co-

365 2313 488 2398 gnouit
503 2311 527 2392 ¹,
546 2313 606 2379 sed
628 2314 724 2381 tarde
744 2313 827 2379 satis
849 2336 908 2380 eas
930 2315 1030 2400 (quae
1051 2323 1164 2381 tamen
1186 2315 1282 2398 prius
1301 2314 1451 2398 scriptae
1472 2317 1600 2399 erant),

365 2433 450 2513 quas
472 2450 539 2494 vna
554 2449 635 2494 cum
652 2429 722 2494 voti
740 2429 885 2496 formula
902 2428 1040 2516 pertulit
1055 2428 1202 2496 dilectus
1218 2429 1253 2494 in
1269 2431 1335 2496 Χ.ο
1351 2431 1456 2495 frater
1474 2431 1606 2496 Petrus

366 2545 475 2610 Hoeff
493 2546 519 2626 ⁵,
544 2565 633 2630 quae
659 2545 797 2630 quidem
825 2545 1031 2611 liberrimam
1054 2544 1104 2610 tui
1127 2545 1393 2631 resignationem
1417 2544 1603 2631 perspicue

366 2660 552 2728 declarant.
571 2661 652 2744 Qua
669 2660 703 2724 in
720 2681 757 2726 re
772 2661 945 2746 quomodo
960 2681 1097 2746 possem
1118 2680 1186 2747 ego
1209 2660 1271 2726 tibi
1292 2683 1361 2727 non
1380 2681 1606 2746 summopere

365 2773 611 2860 congratulari?
627 2776 659 2842 O
677 2787 711 2844 te
728 2775 895 2855 foelicem,
914 2775 1067 2859 inquam,
1085 2775 1144 2859 qui
1162 2776 1298 2843 tandem
1310 2776 1518 2862 cognoueris
1532 2798 1606 2860 quo

366 2889 536 2956 metienda
547 2891 592 2957 sit
602 2889 706 2956 animi
722 2890 874 2973 libertas,
892 2890 1053 2957 nimirum
1069 2912 1139 2956 non
1155 2889 1211 2957 illa
1228 2891 1377 2971 licentia,
1396 2913 1464 2977 qua
1480 2913 1607 2960 omnes

365 3003 551 3073 deteriores
574 3027 704 3086 sumus,
730 3007 791 3075 sed
814 3029 855 3074 ea
879 3005 1020 3072 rationis
1041 3006 1292 3086 conformitate,
1316 3027 1432 3090 quarn,
1456 3019 1604 3092 peccato

365 3120 590 3206 deperditam,
615 3121 841 3201 obedientiae,
867 3121 1035 3187 castitatis
1059 3134 1162 3206 atque
1186 3122 1397 3207 paupertatis
1420 3123 1604 3188 decretum

366 3234 428 3302 tibi
444 3235 610 3304 restituet!
632 3239 837 3304 Peruersum
859 3236 926 3304 iam
948 3237 1120 3324 intelliges
1139 3237 1318 3302 hominum
1334 3237 1512 3321 juditium,
1540 3239 1605 3323 qui

365 3351 513 3419 libertati
529 3350 716 3417 voluntatis
732 3353 853 3420 obesse
864 3363 1000 3438 putant,
1015 3353 1108 3436 quod
1120 3353 1258 3438 prodest
1270 3352 1429 3432 maxime,
1444 3352 1514 3418 imo
1526 3374 1604 3419 ser·

347 3465 480 3554 'uituti,
498 3466 664 3532 libertatis
680 3488 805 3536 nomen
822 3467 971 3533 tribuere
987 3488 1057 3534 non
1077 3470 1298 3535 erubescunt.
1322 3467 1406 3552 Qui,
1429 3470 1457 3534 si
1481 3469 1605 3534 oculos

366 3583 506 3662 habent,
529 3594 623 3650 certe
639 3604 708 3649 non
726 3582 855 3649 vident.
872 3583 920 3647 At
937 3605 1055 3649 verum
1073 3595 1210 3651 maneat
1227 3604 1408 3651 necessum
1423 3597 1489 3663 est,
1508 3585 1604 3667 quod

365 3697 450 3762 dixit
466 3697 602 3766 Veritas
618 3698 838 3785 (abscondisti
855 3702 941 3765 haec
956 3722 977 3765 a
992 3698 1220 3785 prudentibus
1235 3697 1339 3764 huius
1353 3697 1482 3765 saeculi
1498 3711 1533 3766 et
1545 3721 1604 3766 re·

366 3813 487 3879 uelasti
504 3835 544 3880 ea
561 3814 723 3900 paruulis)
741 3815 765 3880 ⁴.
785 3815 894 3882 Cuius
907 3815 1045 3901 quidem
1057 3815 1119 3894 rei,
1134 3815 1176 3896 si,
1189 3817 1273 3882 dum
1285 3816 1378 3901 apud
1390 3836 1453 3899 nos
1466 3827 1601 3901 ageret,

367 3927 554 3996 immensas
577 3941 717 3998 aeterno
742 3930 836 3998 Patri
859 3931 989 4018 gratias
1010 3930 1122 4017 egerit
1144 3929 1285 4028 (gratias
1307 3951 1376 4017 ago
1392 3930 1468 4010 tibi,
1485 3930 1603 4012 Pater,

368 4042 550 4130 inquiens),
574 4046 693 4131 procul
715 4045 803 4112 absit
823 4058 861 4110 vt
881 4068 945 4113 nos
964 4058 1034 4113 tam
1055 4045 1121 4112 rari
1144 4045 1224 4112 doni
1247 4044 1384 4132 (quippe
1405 4047 1497 4132 quod
1518 4043 1603 4112 solis

418 4263 433 4290 ²
451 4249 569 4302 Attrita
582 4254 625 4304 est
637 4249 832 4320 aliquantum
844 4251 965 4306 charta.
1006 4253 1057 4294 -b
1076 4250 1195 4304 Attrita
1206 4253 1250 4304 est
1260 4251 1354 4304 etiam
1366 4249 1483 4305 chana

423 4400 431 4431 ¹
470 4399 514 4453 Ex
528 4401 704 4473 apographo,
720 4399 749 4454 in
766 4399 836 4459 Cod.
855 4399 958 4455 Coton.
973 4400 1017 4464 It,
1030 4399 1082 4455 fol.
1097 4413 1127 4455 2.

421 4489 433 4520 ²
471 4486 518 4544 Cf.
532 4489 605 4543 Litt.
621 4490 800 4558 Quadrim„
815 4488 840 4558 1,
853 4489 918 4560 6743
932 4488 972 4558 11,
984 4489 1031 4560 64³
1046 4487 1145 4559 Epist.
1159 4488 1286 4556 Mr'xtoe,
1298 4487 1352 4558 111,
1367 4485 1430 4543 232.

419 4577 431 4610 ⁸
470 4577 519 4631 Ab
535 4577 601 4632 aliis
619 4579 756 4634 scribitur
774 4579 862 4634 etiam
881 4578 987 4633 Petrus
1002 4577 1116 4648 Hoefft,
1132 4575 1171 4632 de
1189 4592 1247 4650 quo
1265 4577 1400 4632 videatur
1418 4577 1604 4645 Ponticus,

367 4665 560 4736 Chron.,111,
574 4665 626 4720 266
639 4675 670 4722 et
683 4668 746 4738 267.

423 4758 433 4790 ⁴
471 4755 736 4828 Marrn.,X1.25;
753 4757 842 4824 Luc„
857 4757 895 4828 X,
911 4769 955 4811 21.
