3634 5417
782 525 990 581 Monuuaurn
1010 526 1192 582 laustinus

929 679 1036 760 33⁰6

434 810 606 876 PATER
625 811 870 898 Jonnuus
893 813 961 878 De
986 767 1242 881 eornuco
1267 815 1337 880 ex
1359 815 1531 882 Coun.

524 941 757 1000 sociamus
775 943 870 1015 JESU
891 945 1089 1002 PATRIBUS
1111 946 1158 1000 ΕΤ
1179 944 1436 1003 PRAEPOSITIS

794 1073 881 1115 nour
897 1059 928 1114 31
944 1062 1137 1130 usnr111553
1154 1067 1172 1116 ¹.

365 1175 409 1230 De
421 1175 546 1247 collegio
561 1178 856 1246 romano-Quanti
868 1177 1014 1232 momenti
1025 1176 1106 1232 illud
1118 1179 1167 1240 sit,
1182 1196 1248 1232 cnm
1263 1178 1298 1232 in
1313 1185 1470 1250 conspectu
1488 1181 1606 1233 summi

414 1265 568 1336 pontificis
580 1271 607 1319 et
620 1267 652 1320 in
668 1265 731 1320 tace
743 1268 835 1320 totins
845 1265 926 1320 orbis
938 1266 1099 1321 christiani
1112 1267 1375 1335 versatum-Quot
1388 1271 1422 1322 in
1430 1285 1465 1323 eo
1473 1269 1603 1332 sodates,

419 1359 451 1409 ut
469 1361 571 1426 scopus
589 1355 724 1409 instituti
741 1357 838 1410 nostri
854 1357 1046 1428 attingatur,
1066 1358 1234 1412 necessario
1249 1355 1311 1410 sint
1333 1357 1604 1413 commoratum.-

379 1518 382 1526 .
419 1443 568 1512 Quintam
585 1445 635 1510 sit,
653 1445 694 1502 ad
711 1443 892 1514 temporalia
910 1445 990 1514 qrrort
1006 1443 1127 1509 attinet,
1143 1449 1286 1516 praesens
1305 1445 1437 1515 ejusdem
1456 1452 1558 1500 statas
1576 1451 1605 1502 et

421 1533 567 1588 conditio.

920 1649 1050 1772 {hiens
1154 1707 1157 1715 '

435 1837 645 1906 Reuerendis
660 1837 695 1903 in
712 1837 850 1904 Christo
867 1837 1026 1903 Patribus
1041 1851 1076 1905 et
1092 1837 1295 1924 praep.›sitis
1315 1838 1499 1907 Societatis
1524 1843 1603 1926 lesu

294 1949 302 1966 '
367 1953 510 2020 Louenii
528 1965 562 2019 et
579 1953 754 2024 Coloniae.
773 1954 845 2019 Pax
862 1953 990 2019 Christi
1006 1965 1031 2019 ⁸.

434 2068 720 2154 Quandoquidem
736 2071 801 2134 hoc
818 2068 1048 2137 conscientiae
1064 2091 1160 2136 meae
1175 2070 1263 2136 ratio
1277 2081 1313 2137 et
1326 2091 1381 2136 res
1392 2070 1464 2154 ipsa
1478 2081 1602 2156 postu-

367 2185 436 2251 lare
453 2184 598 2262 videtur,
618 2195 654 2248 vt
670 2185 714 2250 ad
730 2184 891 2250 maiorem
914 2184 977 2252 Dei
999 2185 1142 2268 gloriam
1165 2187 1208 2253 T.
1232 2188 1273 2254 R.
1296 2187 1515 2270 reliquosque
1539 2208 1602 2253 no·

366 2312 457 2366 strae
478 2299 658 2368 Societatis
679 2300 888 2385 praepositos
909 2301 953 2368 de
968 2301 1113 2386 collegio
1129 2303 1194 2366 hoc
1210 2313 1326 2366 nostro
1342 2323 1484 2366 romano
1500 2323 1601 2367 com·

370 2415 606 2496 monetariam,
621 2437 788 2501 exponam
801 2415 932 2501 paucis,
946 2416 1111 2502 imprimis
1124 2418 1241 2500 quanti
1254 2416 1298 2482 sit
1311 2417 1486 2496 momenti,
1500 2417 1601 2486 dein-

369 2533 414 2598 de
430 2546 513 2616 quot
530 2531 562 2597 in
581 2553 622 2600 eo
639 2533 687 2616 (vt
707 2532 809 2598 finem
833 2531 939 2597 nostri
961 2530 1107 2598 instituti
1129 2536 1387 2616 consequamur)
1405 2533 1601 2600 necessario

372 2647 440 2714 sint
458 2647 698 2714 commoraturi
715 2646 741 2716 b.

437 2765 485 2829 At
501 2775 514 2803 ⁶
530 2748 612 2830 illud
629 2763 766 2848 quidem
783 2763 882 2831 nobis
898 2785 975 2832 esse
990 2785 1189 2851 persuasum
1203 2766 1244 2830 R.
1260 2763 1302 2830 T.
1317 2740 1499 2849 intelligat,
1514 2765 1604 2831 inter

368 2878 482 2946 omnia
503 2879 684 2947 Societatis
705 2879 861 2965 collegia,
885 2881 951 2945 hcc
972 2879 1108 2946 maximi
1128 2879 1333 2962 necessitate
1352 2890 1388 2946 et
1410 2879 1561 2947 utilitate
1584 2902 1605 2946 a

369 2993 468 3061 nobis
485 2995 568 3059 fieri.
590 2994 754 3075 Primum,
773 3009 910 3080 propter
926 2994 1086 3061 maiorem
1102 3015 1223 3062 eorum
1240 2993 1479 3078 frequentiam,
1494 2992 1606 3080 quiin

343 3183 348 3190 ,
369 3109 443 3195 ipso
459 3109 646 3196 disciplinis
662 3110 819 3176 omnibus
836 3129 877 3175 ac
894 3109 1078 3176 virtutibus
1094 3109 1288 3176 christianis
1303 3109 1511 3190 imbuentur,
1532 3122 1606 3176 tum

422 3330 435 3356 ²
460 3315 546 3385 Jhus.
573 3315 632 3370 Pax
655 3314 723 3385 Xpi.
746 3321 817 3378 etc..
839 3313 902 3368 loco
920 3314 1177 3382 praecedentium,
1201 3312 1388 3384 ‹rexemptnm
1408 3331 1604 3376 romaniano,

368 3405 447 3473 quod
460 3405 493 3458 in
506 3403 632 3474 reliquis
644 3405 723 3457 notis
734 3403 824 3472 hujus
834 3401 976 3474 epistolae
989 3402 1165 3473 appellatur
1176 3402 1267 3456 nait.»
1305 3403 1355 3445 -b
1373 3403 1474 3456 «Alis
1484 3419 1608 3472 sequen·

368 3491 414 3546 tia
430 3493 528 3547 addit:
543 3509 687 3564 exponam
701 3494 812 3563 paucis,
827 3491 856 3545 in
870 3490 971 3562 primis
983 3491 1085 3562 quanti
1100 3489 1138 3544 sit
1153 3489 1304 3556 momenti,
1319 3488 1427 3545 deinde
1439 3498 1511 3562 quot
1523 3490 1555 3544 in
1568 3507 1606 3545 eo

369 3583 415 3652 <ut
432 3581 521 3636 tinem
539 3581 631 3636 nostri
648 3580 774 3636 instituti
793 3582 1018 3652 consequemur)
1039 3578 1206 3634 necessario
1226 3580 1286 3634 sint
1304 3579 1520 3647 commoraturi,
1542 3587 1607 3634 tum

292 3661 305 3676 ⁴
369 3671 458 3725 etiarn
470 3687 527 3742 quo
539 3672 568 3724 in
580 3680 657 3726 statu
667 3671 744 3724 circa
757 3668 929 3742 temporalia
943 3669 973 3723 in
987 3667 1152 3741 praesentia
1165 3677 1312 3733 uersetur‚
1325 3667 1471 3722 discretae
1484 3668 1604 3722 interim

368 3759 505 3814 charitati
520 3761 614 3814 locum
629 3761 809 3831 relinquens,
822 3775 908 3830 quam
923 3759 1025 3830 utique
1039 3773 1125 3829 spero
1138 3774 1192 3812 suo
1206 3764 1338 3828 tempore
1352 3757 1474 3811 minime
1489 3755 1608 3811 defutu-

370 3865 440 3917 ram,
455 3847 525 3920 quin
540 3847 734 3904 libentissime
748 3848 817 3902 huic
828 3848 911 3918 operi
924 3854 1054 3918 praestet
1067 3863 1153 3900 omne
1166 3845 1245 3918 quod
1263 3845 1372 3918 poterit
1389 3843 1530 3900 officium.
1568 3877 1605 3887 --

370 3937 504 3991 eacan.

382 4061 581 4074 ...u—..—

428 4132 433 4158 ¹
474 4127 518 4180 Ex
531 4124 706 4197 apographis
720 4126 801 4194 (sunt
814 4121 892 4178 enim
905 4121 988 4194 duo),
998 4121 1029 4177 iu
1039 4121 1182 4194 principio
1195 4121 1331 4176 codicise
1342 4120 1430 4176 nobis
1439 4120 1533 4176 adhuc
1543 4138 1603 4176 nou

370 4215 523 4287 descripti,
541 4215 591 4288 qui
609 4223 744 4270 servatur
762 4213 792 4268 in
810 4211 929 4268 archivo
945 4211 1085 4267 historico
1102 4211 1244 4266 Coloniae
1263 4209 1476 4278 (Historisches
1495 4210 1607 4265 Archiv

371 4306 424 4360 der
438 4305 522 4360 Stadt
537 4306 634 4372 Koln).
650 4305 707 4358 Hic
719 4303 812 4357 codex
825 4319 842 4356 a
856 4310 941 4371 tergo
952 4302 1028 4356 hanc
1040 4300 1163 4354 exhibet
1180 4299 1412 4371 inscriptionem:
1435 4299 1556 4354 ritalien
1570 4301 1578 4368 Ι
1593 4299 1608 4352 1

373 4395 487 4465 Roman
512 4403 542 4448 et
566 4411 653 4465 super
677 4393 798 4465 primam
820 4389 933 4456 faciem,
947 4390 1038 4445 crassi
1060 4390 1174 4461 papyri,
1196 4406 1254 4461 qua
1275 4397 1432 4461 coopertus
1454 4397 1510 4459 est,
1531 4389 1607 4444 hanc

373 4485 470 4542 aliam:
495 4484 648 4554 «Jesuiten
664 4484 668 4546 l
685 4481 822 4536 Berichte
844 4497 897 4535 aus
917 4479 1121 4534 italienischen
1137 4478 1323 4549 {Collegium
1341 4512 1344 4523 ·
1361 4478 1415 4532 mit
1435 4478 1605 4533 Ausuahme

374 4591 431 4628 von
445 4573 565 4628 Sicilien
581 4572 586 4643 l
603 4571 661 4627 und
675 4561 831 4626 Sardinien
848 4571 852 4632 Ι
870 4567 979 4624 Bandl
994 4569 999 4636 Ι
1015 4569 1101 4626 Rom.
1111 4588 1124 4620 n
1140 4569 1274 4623 Alterum
1288 4568 1487 4640 apographum
1500 4567 1609 4638 episto·

373 4665 400 4718 la
412 4662 549 4733 adjuncta
563 4669 656 4716 caret.
676 4659 765 4714 Aliud
779 4667 875 4713 exstat
889 4659 1058 4729 exemplum
1078 4658 1109 4712 in
1126 4657 1226 4711 codice
1249 4655 1453 4711 Fundationes
1469 4655 1609 4728 collegio·

376 4771 457 4816 rnna,
472 4759 493 4808 t.
509 4765 602 4822 v11‚n.
620 4762 694 4805 xvu.
