3634 5417
514 506 517 513 .
549 456 652 513 Erusr.
672 456 828 513 2301.-28
847 449 1034 518 Ducanaris
1056 472 1120 529 1551
1383 469 1415 525 5Ι

219 632 302 677 num
318 622 478 696 tanquam
497 634 538 679 ex
555 610 655 678 nobis
671 614 683 645 ³
701 613 886 693 valeamus,
907 634 1026 681 verum
1043 636 1106 701 pro
1120 634 1281 681 mensura
1294 609 1451 677 donatio-

218 714 273 793 nis
284 730 369 816 Jesu
384 726 514 793 Christi
531 728 556 807 ⁴,
575 748 595 794 a
611 748 681 811 quo
697 726 808 794 omnis
826 742 943 796 nostra
959 730 1265 813 quantulacunque
1278 726 1451 795 sufficien-

220 842 269 909 tia
289 854 341 908 est
364 844 389 925 ³,
408 842 557 910 debitam
579 842 738 932 charitati
759 842 868 911 vicem
892 846 1081 931 rependere
1107 846 1233 911 affectu
1257 844 1452 926 effectuque

219 957 383 1044 peculiari
406 958 598 1045 cupientes,
622 958 773 1025 omnium
795 965 830 1027 et
851 958 1067 1045 singulorum
1094 962 1266 1026 bonorum
1293 957 1453 1043 spiritua·

219 1074 315 1154 lium,
333 1096 422 1159 quae
438 1095 499 1160 per
514 1072 653 1167 diuinae
668 1074 833 1141 bonitatis
849 1074 995 1162 gratiam
1011 1075 1047 1140 in
1063 1078 1128 1141 hac
1145 1086 1261 1141 nostra
1280 1074 1453 1143 Societate

220 1190 380 1276 priuatim
402 1200 462 1255 aut
476 1188 626 1275 publice,
644 1199 679 1255 et
700 1191 743 1256 ad
761 1189 930 1277 propriam
951 1191 1121 1276 cuiusque
1141 1201 1311 1269 nostrum,
1331 1190 1386 1256 vel
1408 1191 1452 1255 ad

217 1326 438 1373 communem
455 1304 688 1391 proximorum
710 1298 902 1385 vtilitat'em,
921 1305 956 1371 in
980 1305 1053 1373 dies
1076 1306 1177 1386 fiunt,
1197 1304 1357 1373 videlicet
1373 1327 1452 1390 pre·

216 1443 313 1503 cum,
344 1420 602 1507 suffragiorum,
633 1419 905 1501 meditationum,
933 1420 1131 1500 missarum,
1160 1418 1451 1507 praedicationum

218 1536 314 1605 verbi
331 1536 410 1617 Dei,
433 1556 607 1603 sacrarum
636 1536 834 1615 lectionum,
852 1535 1119 1604 ministeriorum
1141 1534 1450 1616 sacramentalium,

215 1651 449 1738 quorumlibet
467 1650 718 1719 misericordiae
734 1673 889 1737 operum,
903 1650 1121 1730 ieiuniorum,
1135 1649 1451 1737 peregrinationum

219 1779 428 1848 sanctarum,
445 1789 486 1834 ac
502 1778 674 1853 postremo
690 1788 976 1852 quarumcunque
992 1766 1125 1854 piarum
1139 1779 1212 1833 tum
1229 1767 1361 1833 animae
1379 1778 1452 1831 tum

215 1882 374 1969 corporis
402 1882 687 1951 exercitationum
714 1882 927 1969 singularem
951 1882 1374 1962 communicationem,·ex
1397 1860 1452 1947 in·

221 1998 303 2065 tima
318 1998 432 2065 cordis
452 1997 633 2066 affectione
660 1997 900 2084 impendimus;
924 1998 1095 2083 simulque
1122 2001 1235 2066 Deum
1257 2010 1292 2064 et
1313 1998 1450 2065 Patrem

217 2112 347 2179 domini
364 2112 469 2179 nostri
483 2116 567 2202 Jesu
585 2112 713 2180 Christi
729 2111 902 2199 supplices
913 2114 1149 2194 obsecramus,
1163 2123 1202 2178 vt
1213 2112 1257 2180 de
1270 2112 1449 2181 inexausto

218 2228 415 2297 meritorum
443 2228 520 2295 Filii
548 2228 602 2295 sui
629 2226 840 2296 dilectissimi
874 2230 1048 2309 theseum,
1078 2239 1273 2295 nostrorum
1301 2228 1449 2314 inopiam

218 2346 381 2431 supplens
402 2330 506 2430 atoue
523 2344 649 2424 ditanS,
670 2355 874 2411 cunctorum
895 2344 1151 2431 obsequiorum,
1169 2367 1257 2431 quae
1278 2342 1315 2410 in
1330 2343 1450 2413 eadem

216 2458 388 2527 Societate
404 2459 468 2546 ipsi
486 2462 688 2547 placuerunt
706 2481 766 2547 pro
781 2482 846 2525 sua
862 2459 1077 2547 benignitate
1092 2462 1263 2530 hactenus
1282 2470 1317 2527 et
1333 2458 1369 2525 in
1385 2480 1449 2545 po-

195 2554 345 2642 sterum
373 2576 572 2661 placebunt,
608 2588 640 2643 te
669 2576 769 2662 plane
801 2574 1001 2662 participem
1033 2576 1213 2655 effectum,
1246 2575 1447 2662 gratiaeque

215 2690 328 2757 omnis
346 2692 639 2761 benedictionem
657 2695 721 2759 hae
739 2693 808 2760 vita
821 2703 975 2775 auctum,
989 2704 1149 2760 aeternae
1162 2692 1298 2759 tandem
1317 2689 1447 2777 gloriae

215 2822 411 2877 remuneret
427 2830 567 2875 corona.
588 2810 714 2879 Amen.

253 2938 256 2945 ’
280 2924 409 2991 Datum
426 2924 556 2993 Romae
572 2928 626 3008 5.⁰
642 2924 785 2991 Calend.
800 2922 956 3012 Januarii
978 2939 1072 3007 1552.

282 3040 479 3125 Inscriptio.
498 3040 679 3127 Exemplar
692 3039 882 3109 litterarum
900 3042 941 3106 B.
961 3041 1002 3105 Ρ.
1018 3040 1065 3110 Ν.
1080 3038 1218 3127 Ignatii,
1233 3040 1389 3105 datarum
1402 3039 1445 3105 ad
1506 3103 1508 3108 ,

210 3153 390 3221 dominum
408 3156 454 3223 M.
470 3158 639 3244 Joannem
658 3156 781 3236 Pollet,
800 3153 927 3240 quibus
942 3153 990 3220 illi
1002 3154 1149 3223 contulit
1164 3152 1446 3221 communicatio·

213 3292 292 3337 nem
309 3270 461 3336 omnium
483 3262 651 3339 bonorum
679 3292 822 3357 operum
846 3268 1040 3339 Societatis.
1072 3287 1155 3354 1552
1175 3266 1259 3359 ,lsicl
1286 3271 1443 3356 Quarum

209 3387 490 3471 authographum
507 3398 705 3455 asseruatur
720 3386 894 3454 Gandaui.
910 3368 914 3374 ⁸

1450 2206 1466 2239 l

266 3661 278 3693 ³
315 3660 619 3733 lIAuCon.,lll,5.
837 3669 848 3696 ⁴
887 3658 1145 3732 Anupn.,1v,7.
1223 3736 1227 3751 Ι

264 3750 277 3783 ⁸
313 3749 341 3803 11
355 3749 401 3803 Ad
414 3750 504 3821 Com,
519 3748 571 3823 111,
588 3748 625 3819 5.·
