3634 5417
600 523 706 580 Enisr.
726 519 1050 594 2361.-23Jttwnl1
1072 535 1140 593 ¹552

822 731 915 812 test

376 869 531 936 PATER
550 871 768 959 JOANNES
788 874 852 940 DE
873 843 1106 941 POLANCO
1122 874 1185 940 EX
1201 873 1353 942 COMM.
1461 890 1463 894 ‘

248 1003 386 1062 PATRI
426 1010 646 1070 ANDREAE
681 1012 849 1072 FRUSIO
887 1014 1110 1085 ALIISQUE
1147 988 1483 1072 SUPERIORIBUS

652 1149 740 1194 noua
758 1137 793 1194 23
809 1138 1078 1208 Jtuuiau1552¹.

245 1267 371 1322 Aemuti
395 1269 561 1342 magistros
585 1270 708 1343 collegii
731 1271 855 1331 romani
884 1271 1167 1328 vexant-Statuit
1194 1272 1334 1346 ignatius
1359 1273 1480 1328 stallum

280 1357 495 1412 adolescentem
509 1359 543 1414 in
558 1359 735 1416 Societatem
748 1361 911 1418 admittere
921 1360 985 1417 sine
997 1377 1103 1416 eorum
1111 1365 1276 1432 parentum
1287 1378 1442 1418 consensa.

756 1659 757 1662 Ἴ
821 1504 900 1648 Jtis.

314 1717 459 1785 Comei
480 1718 651 1786 ordinario
671 1719 727 1788 del
748 1718 908 1788 demonio
929 1720 996 1788 che
1016 1718 1045 1785 si
1062 1718 1165 1786 siorzi
1185 1718 1348 1804 impedire
1364 1719 1477 1804 quelle

245 1852 350 1918 opere
367 1835 432 1900 che
448 1819 535 1901 sono
550 1837 609 1924 piis
625 1846 745 1902 contra
760 1833 795 1899 di
809 1833 857 1900 lui
870 1835 904 1901 in
918 1834 1086 1902 beneficio
1098 1835 1178 1903 dell'
1190 1831 1315 1914 anime,
1329 1833 1401 1902 cosi
1414 1856 1476 1921 per

244 1945 436 2034 isperienza
451 1952 485 2016 lo
505 1951 663 2020 vediamo
685 1951 744 2036 qui
764 1949 799 2018 in
821 1953 930 2018 Roma
951 1951 1007 2017 nel
1027 1949 1175 2036 collegio
1195 1970 1300 2030 n0u0,
1317 1963 1352 2016 et
1371 1950 1395 2014 l’
1417 1970 1473 2016 os-

248 2085 408 2132 seruamo
425 2067 504 2134 nell’
524 2067 599 2134 altri
617 2067 704 2135 della
722 2067 818 2134 Italia
833 2078 870 2134 et
884 2065 1012 2145 Sicilia,
1030 2064 1111 2133 anzi
1123 2066 1167 2134 de
1182 2064 1264 2152 ogni
1278 2065 1403 2132 banda.

315 2181 386 2266 Qui
402 2183 493 2248 hano
507 2175 650 2269 pigiiato
666 2205 712 2250 vn
728 2184 802 2250 zeio
818 2193 981 2250 estranno
1001 2182 1116 2248 alcuni
1138 2179 1254 2248 mastri
1275 2181 1319 2247 de
1338 2182 1469 2261 schola,

247 2307 344 2362 tanto
359 2299 426 2364 che
442 2320 488 2364 vn
504 2298 539 2364 di
555 2299 668 2386 questi
689 2299 724 2368 di
741 2299 918 2366 andorono
934 2299 990 2367 nel
1004 2297 1150 2384 collegio
1169 2296 1298 2378 alcuni,
1315 2307 1350 2400 et
1366 2296 1471 2364 intro-

242 2432 329 2478 rono
352 2413 431 2481 neli’
459 2413 630 2481 auditorio
652 2415 707 2481 del
724 2417 827 2484 Mtro.
849 2413 1033 2502 Joachimo
1054 2413 1080 2492 ²,
1104 2423 1138 2481 et
1162 2411 1414 2499 publicamente
1437 2411 1471 2478 lo

242 2528 334 2592 hano
355 2527 472 2594 voluto
493 2527 689 2614 riprendere
710 2529 845 2617 (bench’
860 2552 880 2595 a
897 2529 1010 2614 torto),
1028 2540 1062 2594 et
1078 2529 1169 2594 hano
1185 2528 1271 2596 tatto
1285 2548 1355 2594 vno
1368 2548 1470 2596 scau·

240 2643 319 2709 dalo
335 2656 433 2730 tropo
448 2643 673 2725 disordinato,
694 2656 789 2711 tanto
800 2648 855 2712 ch'
874 2645 897 2712 il
912 2645 1091 2715 cardenale
1103 2643 1148 2710 de
1159 2645 1194 2713 S.
1205 2645 1337 2732 Jacobo
1349 2639 1374 2726 ³,
1388 2664 1469 2729 pro·

241 2767 383 2838 tectore,
407 2757 430 2824 l'
451 2761 496 2827 ha
518 2762 606 2838 fatto
623 2769 751 2830 metere
772 2760 806 2826 in
828 2759 976 2846 prigion.
999 2761 1132 2846 Questa
1154 2758 1355 2826 medessima
1371 2757 1469 2825 setti-

237 2895 351 2959 mana,
376 2877 590 2944 manchando
605 2875 662 2942 doi
678 2875 820 2964 giouani
834 2877 879 2946 de
898 2895 976 2943 casa
993 2873 1072 2944 detti
1088 2873 1185 2962 padri
1201 2875 1287 2956 loro,
1305 2876 1396 2940 hano
1412 2895 1472 2941 ve·
1503 2952 1506 2958 ,

236 2999 323 3056 nuto
339 2991 371 3060 le
386 2990 493 3057 madri
510 2991 576 3058 alla
592 2991 707 3060 chiesa
723 3004 839 3060 nostra
854 2993 1002 3059 durante
1017 2993 1049 3058 le
1064 2991 1178 3084 misse,
1196 3002 1230 3058 et
1246 2991 1338 3084 hano
1353 2988 1470 3077 grida·

238 3115 274 3171 to
295 3118 331 3174 et
354 3107 441 3173 fatto
461 3129 531 3174 vno
547 3109 706 3176 scandalo
728 3106 893 3188 mirabile,
911 3118 946 3176 et
962 3107 1166 3175 similmeute
1186 3107 1241 3174 nel
1257 3105 1415 3192 collegio,
1433 3118 1468 3173 et
1531 3149 1534 3157 ·

235 3242 296 3306 per
316 3223 349 3288 le
369 3243 449 3292 case
469 3225 512 3291 de
532 3223 695 3292 cardinali
718 3226 826 3312 (come
850 3225 892 3292 de
908 3225 1033 3290 alcuna
1050 3221 1228 3308 sapiam),
1246 3221 1392 3288 dicendo
1403 3223 1467 3288 che

237 3336 386 3406 hauemo
399 3339 485 3406 fatto
508 3337 532 3404 il
548 3339 694 3426 collegio
712 3360 771 3425 per
788 3340 909 3418 robare
925 3339 948 3404 li
972 3336 1111 3426 figlini,
1134 3348 1170 3407 et
1190 3339 1255 3405 che
1271 3335 1420 3404 teniemo
1443 3335 1466 3402 li

235 3451 324 3531 suoi,
350 3464 432 3534 etc.;
458 3471 498 3536 et,
515 3451 557 3520 in'
574 3454 682 3523 veriti
705 3454 741 3520 ni
762 3476 831 3522 uno
852 3455 886 3521 di
903 3453 1007 3540 quelli
1023 3475 1082 3522 era
1104 3452 1231 3520 intrato
1251 3449 1287 3518 in
1306 3473 1399 3531 casa,
1423 3453 1468 3518 ne
1517 3540 1519 3543 Ι

236 3567 270 3632 in
287 3569 437 3656 collegio
454 3579 586 3636 nostro.

301 3683 427 3769 Questi
455 3684 616 3772 essempii
643 3687 690 3750 ho
715 3686 833 3752 voluto
856 3686 938 3752 dare
963 3705 1026 3772 per
1046 3682 1156 3763 auiso,
1175 3681 1265 3752 aeib
1289 3681 1365 3749 VV.
1391 3681 1462 3748 RR.

234 3806 430 3820 m

288 3856 294 3886 ¹
335 3853 378 3906 Ex
392 3839 569 3908 adiersariis
587 3834 777 3926 auto'graphis
799 3851 831 3908 P.
850 3852 981 3922 Polanci‚
995 3852 1025 3907 in
1042 3851 1146 3908 codice
1166 3851 1262 3922 Epist.
1283 3850 1412 3907 Palanci
1429 3868 1465 3905 ex

232 3958 349 4007 cenem„
367 3929 501 4013 1'f01„n.
520 3940 580 4012 198,
594 3943 675 4015 prius
695 3941 1000 4013 193.-GEN12LL1,11.
1019 3940 1128 4011 XL1113
1142 3939 1264 4004 Certae,
1283 3957 1313 3994 n.
1332 3937 1478 4022 CCL1v4

287 4031 370 4087 Hanc
389 4031 556 4104 epistolam,
574 4049 649 4104 quae
666 4031 816 4104 designari
837 4029 954 4086 videtur
970 4047 1001 4087 n.
1019 4018 1037 4084 3
1054 4029 1208 4104 sequentis
1226 4027 1389 4098 summarii,
1406 4044 1464 4082 non

232 4121 326 4175 solum
339 4119 454 4192 Frusio,
467 4119 520 4176 sed
538 4122 603 4177 aliis
620 4138 738 4195 quoque
751 4119 943 4192 collegiorum
962 4118 1196 4178 moderatoribus
1213 4118 1352 4191 scriptam
1370 4116 1464 4172 fuisse

231 4207 320 4267 tradit
338 4209 521 4279 POLANCUS,
538 4209 664 4274 Chron„
682 4211 721 4280 ΙΙ,
740 4221 805 4279 421,
822 4209 885 4282 qui,
900 4225 967 4263 curn
985 4207 1063 4263 iacta
1076 4209 1107 4263 in
1120 4207 1227 4263 litteris
1243 4215 1382 4262 contenta
1399 4222 1465 4259 rtur⁴

229 4307 339 4368 resset,
359 4297 452 4354 addit:
467 4299 545 4355 «His
562 4308 728 4355 commotus
748 4299 781 4358 P.
804 4297 937 4370 [gnatius
959 4297 1051 4354 scribi
1069 4296 1105 4353 ad
1124 4297 1205 4352 varie
1223 4294 1381 4352 Societatis
1399 4296 1462 4348 loca

227 4385 317 4456 J'ussit
329 4395 362 4442 ut
376 4387 487 4443 nullum
506 4405 544 4443 ex
563 4386 748 4444 auditoribus
766 4396 932 4443 nostrarum
951 4387 1117 4442 scholarum
1139 4386 1205 4440 sine
1222 4393 1377 4458 parentum
1395 4399 1462 4437 con·

229 4493 319 4532 sensu
331 4474 425 4535 nostri
437 4475 659 4533 admitterent.»
673 4477 749 4533 Vide
763 4471 872 4532 iocum.
886 4475 934 4536 Cf.
949 4473 1170 4544 obsistimus,
1180 4475 1232 4543 xl,
1246 4473 1275 4543 ό,
1289 4473 1341 4528 ubi
1353 4471 1462 4527 descri-

185 4637 188 4642 .
229 4565 338 4622 buntur
350 4581 397 4622 ret
410 4565 590 4638 hujusmodi,
603 4585 679 4640 quae
692 4566 729 4621 ad
743 4583 850 4622 annum
869 4577 934 4635 1551
951 4572 1097 4637 spectant.

279 4659 291 4689 ²
329 4654 490 4726 «Magister
502 4656 684 4727 joachimus,
700 4655 821 4712 Parisiis
840 4655 979 4710 missus.»
997 4653 1179 4725 Fotidem,
1202 4652 1326 4716 Chaon„
1344 4651 1382 4721 11,
1396 4664 1461 4721 421⁴

279 4745 304 4776 ³*
319 4743 457 4814 ,Joannes
472 4743 646 4800 Alvarezius
655 4745 693 4801 de
706 4747 730 4799 T
732 4747 822 4802 oleta.
