3634 5417
764 509 834 565 92
1523 498 1934 554 MonuussmA
1975 496 2330 551 IGNATmNA

699 650 967 730 miss-roa,
1003 654 1125 716 „abs
1160 660 1229 718 te
1261 662 1416 716 acta
1447 662 1634 728 sunt,
1672 657 1741 717 et
1773 667 1909 733 que
1938 646 2102 716 inde
2136 656 2503 733 tempestas
2545 646 2634 714 sit
2686 659 3061 716 consecuta
3096 650 3153 711 ².

703 770 787 830 Et
819 790 1007 846 sane,
1047 766 1204 832 licet
1237 763 1434 830 nobis
1465 762 1745 830 omnino
1776 764 2277 850 persuademus.
2302 762 2485 849 quod
2516 763 2785 831 sincera
2827 762 3156 829 intentio-

703 906 787 946 ne
819 894 887 946 et
923 902 1095 966 puro
1130 879 1390 965 gloriae
1421 872 1554 948 Dei
1588 879 1737 973 zelo
1771 879 1998 946 omnia
2030 877 2297 959 feceris,
2344 889 2570 945 tamen
2619 878 2880 945 factum
2928 878 3151 964 ipsum

699 998 767 1062 in
811 995 1234 1062 admittendo
1279 995 1573 1080 quodam
1619 995 1826 1061 modo
1872 994 2155 1080 juuenis
2208 1005 2371 1060 voto
2416 994 2613 1061 valde
2661 993 3147 1080 improbamus;

703 1134 807 1178 res
839 1110 939 1194 sis]
951 1114 1175 1178 uidem
1211 1132 1430 1197 vsque
1463 1111 1637 1176 adeo
1667 1131 1850 1177 noua
1876 1109 1944 1176 in
1969 1108 2316 1179 Societate
2340 1121 2596 1189 nostra,
2624 1122 2695 1178 et
2720 1119 2985 1195 praeter
3007 1108 3158 1174 eius

699 1226 1087 1290 institutum
1122 1228 1293 1292 haec
1325 1225 1479 1305 fuit,
1510 1238 1582 1291 vt
1610 1224 1740 1291 nisi
1764 1236 2131 1293 excusaret
2155 1223 2739 1295 Constitutionum
2769 1236 3150 1292 nostrarum

703 1342 1087 1426 ignorantia
1117 1353 1186 1409 et
1228 1343 1546 1409 voluntas
1586 1341 1867 1428 optima,
1914 1341 2308 1408 tolerandus
2354 1352 2593 1406 auctor
2644 1340 2716 1406 in
2770 1360 3152 1426 congrega-

703 1458 887 1522 tione
923 1470 1151 1522 nostra
1185 1477 1325 1524 non
1358 1479 1510 1527 esse
1543 1455 1916 1525 videretur.
1956 1458 2049 1523 Vt
2081 1456 2261 1524 enim
2294 1466 2479 1523 recte
2511 1454 2837 1541 egregius
2884 1455 2996 1522 ille
3026 1456 3150 1520 do-

699 1582 843 1638 ctor
879 1570 999 1638 tibi
1035 1572 1331 1655 dicebat,
1366 1571 1436 1638 in
1470 1571 1699 1651 bunis,
1735 1572 1989 1657 quibus
2030 1570 2404 1657 apostolica
2446 1571 2643 1636 sedes
2690 1569 2984 1637 instituti
3026 1591 3153 1636 no—

695 1686 815 1750 stri
851 1690 1180 1754 rationem
1215 1688 1545 1774 approbat
1576 1701 1645 1755 et
1677 1688 2060 1766 confirmat,
2100 1696 2173 1752 vt
2216 1687 2502 1752 multum
2549 1686 2806 1772 diuque
2852 1687 3150 1773 proben-

699 1818 811 1870 tur
843 1802 959 1882 ini,
999 1802 1115 1886 qui
1148 1803 1219 1868 in
1245 1802 1610 1872 Societatis
1637 1815 1910 1870 nostrae
1934 1802 2359 1869 consortium
2386 1816 2551 1868 sunt
2574 1801 3001 1883 admittendi,
3030 1824 3145 1871 ex-

699 1942 935 2002 presse
967 1922 1285 1986 habetur.
1325 1920 1551 1998 Vnde,
1588 1930 1664 1984 vt
1696 1919 1762 1984 in
1795 1917 1947 1984 aliis
1980 1917 2451 2005 relligionibus
2484 1940 2707 1985 annus
2737 1916 3155 2005 probationis

699 2036 991 2118 integer,
1039 2038 1134 2100 ita
1190 2033 1258 2100 in
1315 2046 1553 2101 nostra
1608 2033 1938 2114 bienium‚
1997 2054 2138 2100 non
2196 2045 2462 2100 tantum
2521 2035 2608 2100 ad
2664 2033 3150 2119 professionem

699 2150 1138 2218 emittendam
1177 2150 1409 2235 (quod,
1448 2161 1523 2215 vt
1553 2149 1756 2229 nosti,
1794 2162 1949 2235 post
1990 2150 2243 2216 multos
2286 2151 2559 2216 tandem
2607 2170 2824 2215 annos
2855 2148 2981 2233 fit),
3032 2149 3152 2216 sed

699 2266 903 2330 eriam
963 2266 1047 2330 ad
1107 2278 1263 2333 vota
1315 2264 1646 2352 simplicia
1698 2263 2175 2361 coadiutorum
2234 2264 2681 2330 formatorum
2737 2264 3153 2331 admittenda

699 2382 1130 2466 relinquitur3
1169 2381 1303 2447 imo
1335 2395 1404 2448 et
1436 2378 1863 2447 scholasticis
1896 2379 2311 2466 approbatiS,
2340 2381 2426 2446 ad
2456 2378 2741 2465 simplex
2774 2392 3010 2447 votum
3044 2379 3151 2444 in-

697 2498 1047 2582 grediendi
1087 2496 1510 2583 relligionem
1545 2507 1850 2563 nostram
1884 2495 2359 2575 emittendum,
2388 2497 2563 2562 duos
2589 2517 2809 2562 annos
2839 2495 3151 2582 integros

697 2614 763 2678 in
799 2610 1051 2678 nostris
1079 2610 1707 2678 Constitutionibus
1739 2610 2209 2696 relinquimus:
2239 2632 2375 2677 non
2409 2612 2598 2695 quod
2630 2609 2975 2697 prohiberi
3001 2609 3154 2695 quis

699 2726 935 2814 maisit,
975 2726 1177 2794 etiam
1212 2725 1360 2814 ipso
1394 2725 1464 2791 in
1496 2725 1715 2806 initio,
1751 2726 1840 2791 ab
1872 2727 2220 2794 offerendo
2252 2725 2569 2812 priuatim
2610 2739 2798 2808 vot0,
2843 2725 2899 2792 si
2934 2747 2974 2791 a
3004 2727 3151 2792 Do-

699 2842 883 2910 mino
915 2846 1003 2910 ad
1039 2842 1103 2906 id
1138 2852 1490 2929 vrgeatur3
1527 2842 1648 2908 sed
1682 2841 1867 2926 quod
1901 2863 1986 2909 ex
2019 2841 2171 2927 ipso
2204 2840 2519 2907 instituto
2552 2851 2817 2924 nosti-0,
2844 2863 2966 2928 per
2997 2863 3155 2927 spa·

695 2962 871 3026 oium
915 2958 1238 3046 temporis
1271 2958 1556 3037 dictum,
1595 2958 1937 3041 neminem
1970 2956 2187 3026 teneri
2230 2959 2481 3025 debere
2524 2957 2594 3024 in
2635 2957 2934 3025 Domino
2966 2957 3154 3044 judi-

695 3074 1029 3150 cauimus:
1071 3087 1140 3142 et
1172 3096 1263 3143 ne
1293 3086 1449 3161 post
1480 3074 1782 3142 bienium
1816 3072 2092 3158 quidem
2119 3073 2505 3140 admittitur
2532 3085 2769 3142 votum
2795 3072 3154 3141 scholasti-

695 3214 955 3270 corum,
995 3192 1118 3258 sed
1149 3188 1441 3276 quisque
1471 3189 1788 3277 priuatim
1826 3193 1976 3258 Deo
2007 3191 2253 3258 offerre
2292 3191 2523 3270 debet,
2571 3190 2929 3256 formulam
2972 3189 3154 3256 illam

699 3310 1075 3390 sequendo,
1112 3329 1316 3392 quam
1353 3305 1473 3371 tibi
1509 3305 1784 3374 missam
1820 3328 1971 3374 esse
2003 3305 2170 3372 scio.
2210 3305 2374 3372 Eius
2407 3319 2633 3372 autem
2667 3305 3022 3372 formulae·
3053 3326 3155 3370 ra-

699 3422 791 3486 tio
827 3422 999 3486 haec
1035 3421 1188 3487 fuit:
1230 3432 1301 3488 vt
1335 3420 1391 3487 si
1425 3420 1702 3505 quando
1735 3421 1941 3507 aliqui
1977 3433 2131 3508 post
2176 3435 2410 3488 votum
2460 3443 2500 3487 a
2541 3421 2883 3490 Societate
2924 3420 3154 3486 dimit-

703 3538 883 3602 tendi
919 3538 1338 3619 viderentur,
1376 3537 1908 3623 dispensatione,
1948 3550 2021 3603 vt
2053 3537 2245 3605 liberi
2290 3538 2567 3605 omnino
2610 3537 2770 3616 sint,
2816 3559 2953 3603 non
2985 3558 3152 3622 ege-

695 3666 871 3718 rent,
915 3650 1156 3718 Merito
1188 3673 1384 3739 ergo,
1423 3654 1612 3739 quod
1642 3652 2032 3721 admisseris
2066 3653 2570 3738 quodammodo
2606 3654 2715 3721 vel
2746 3668 2933 3719 certe
2960 3652 3156 3720 testis

703 3770 911 3834 fueris
943 3770 1082 3834 voti
1117 3767 1297 3834 illius
1329 3769 1623 3849 iuuenis,
1656 3768 1984 3856 magister
2009 3769 2222 3856 ipsius
2246 3781 2315 3836 et
2341 3769 2451 3835 alii
2477 3769 2599 3835 tibi
2627 3770 3150 3847 succensebant,

703 3898 763 3950 vt
803 3886 1051 3950 facturn
1091 3885 1590 3971 improbabant.

835 4002 923 4062 'Ut
959 4014 1184 4066 autem
1216 3999 1340 4081 eiS,
1379 4002 1605 4085 quoad
1636 4000 1785 4069 eius
1819 4000 1962 4068 fieri
2007 4001 2243 4086 possit,
2288 4001 2692 4084 satisfaciaS,
2738 4001 2901 4068 licet
2939 4001 3155 4088 priui-

699 4114 895 4202 legiis
931 4114 1291 4184 societatis
1324 4131 1599 4184 nostrae
1630 4131 1989 4205 exemptus
2020 4117 2113 4184 sis
2146 4120 2232 4183 ab
2266 4116 2731 4184 vniuersitatis
2755 4128 2825 4184 et
2851 4117 3152 4184 omnium

699 4230 983 4298 aliorum
1019 4230 1318 4298 iudicum
1344 4230 1850 4316 jurisdictione,
1889 4232 2051 4298 mihi
2077 4233 2399 4319 expedire
2425 4232 2492 4298 in
2526 4234 2824 4299 Domino
2858 4233 3149 4312 videtur,

695 4358 767 4410 vt
803 4370 939 4410 non
975 4346 1195 4414 solum
1228 4347 1598 4433 magnifico
1629 4347 1906 4413 domino
1932 4349 2179 4414 rectori
2215 4360 2282 4416 te
2307 4347 2658 4431 subiicias,
2687 4370 2926 4415 verum
2950 4348 3151 4416 etiam

699 4462 971 4526 [lantino
1015 4460 1342 4548 magistro
1374 4463 1481 4527 vel
1515 4463 1786 4548 regenti
1820 4463 2002 4529 illius
2034 4464 2330 4545 iuueniS,
2378 4475 2451 4530 vt
2485 4454 2605 4529 tibi
2648 4487 2797 4531 eam
2839 4463 3158 4551 iniungat

803 4626 823 4654 ¹²
899 4622 1051 4674 vide
1079 4620 1385 4693 epistolam
1415 4622 1778 4694 superiorem
1805 4632 1868 4678 et
1902 4625 2031 4678 loca
2066 4623 2213 4679 inibi
2250 4623 2501 4680 laudata.
2546 4624 2726 4680 Porro
2769 4626 2881 4680 hae
2926 4624 3157 4681 litterae

695 4730 747 4762 n.
783 4706 863 4766 31*
887 4709 1295 4765 ante-cedentis
1321 4711 1625 4766 summarii
1650 4710 2058 4782 designantur.
