3634 5417
597 511 699 568 Errsr.
721 509 872 568 ason-31
894 513 1011 568 Mrarn
1031 511 1100 582 155³
1375 512 1430 582 687

227 681 306 744 nae;
327 665 445 730 Rmus
467 662 530 732 Sti.
546 663 666 752 Jacobi
684 667 694 700 ⁵
711 687 818 731 vnum
835 664 1040 746 Florentiae,
1058 666 1203 734 alterum
1219 659 1375 751 Neapoli,
1394 677 1462 752 ter-

227 775 315 844 tium
333 778 367 845 in
386 779 555 874 Hispania
573 781 616 846 ad
637 779 839 868 diuiJacobi
856 781 890 846 in
912 781 1143 868 Compostella
1163 779 1251 866 erigi
1272 781 1459 849 mandauit.

228 895 403 961 Permulta
418 915 556 980 quoque
571 896 636 962 alia
655 897 792 964 luerunt
808 909 823 948 ἵ
838 896 1009 977 instituta,
1032 896 1061 962 si
1083 895 1306 983 petitionibus
1327 916 1459 978 eorum,

224 1009 284 1094 qui
307 1009 554 1096 efflagitabant,
578 1013 756 1079 commode
771 1011 929 1082 satisfieri
946 1012 1124 1098 potuisset,
1144 1010 1280 1079 tametsi
1294 1014 1462 1078 nonnulla

225 1125 340 1192 adhuc
356 1125 390 1191 in
408 1125 502 1192 ltalia
518 1138 552 1193 et
569 1126 735 1214 Hispania
751 1128 986 1196 admittentur.
1002 1121 1148 1196 Multum
1161 1127 1316 1213 proinde,
1332 1111 1403 1194 tum
1417 1128 1461 1193 ad

225 1239 407 1308 Societatis
424 1242 716 1328 propagationem,
736 1253 810 1310 tum
825 1245 868 1310 ad
885 1244 1107 1330 collegiorum
1124 1242 1458 1329 multiplicationem,

227 1356 293 1422 hoc
309 1377 488 1423 romanum
505 1359 660 1426 conferre
677 1357 885 1444 experimur.
1394 1422 1396 1425 .

296 1474 470 1540 Octauum
487 1483 553 1553 est,
575 1475 666 1558 quod
687 1474 743 1540 hic
766 1485 1012 1561 praeparantur
1035 1483 1273 1560 praeceptores
1296 1473 1331 1539 in
1355 1473 1462 1540 literis

226 1587 416 1671 exercitati,
435 1587 493 1673 qui
509 1590 553 1655 ad
569 1588 635 1654 alia
658 1589 804 1676 collegia
823 1589 1050 1670 destinentur,
1073 1590 1361 1674 quemadmodum
1377 1591 1460 1656 hac-

229 1715 329 1774 tenus
348 1704 475 1775 factum
495 1715 563 1771 est.
589 1707 675 1772 Nam
697 1717 829 1791 praeter
846 1705 915 1786 illa,
933 1727 1022 1790 quae
1038 1706 1141 1792 paulo
1155 1715 1235 1771 ante
1250 1726 1461 1772 commemo·

227 1819 394 1899 rauimus,
413 1820 570 1906 collegia,
589 1821 690 1889 etiam
706 1821 792 1902 aliis,
807 1819 1000 1888 ferrariensi
1017 1819 1189 1900 nimirum,
1208 1820 1382 1906 patauino,
1398 1822 1463 1886 bo-

227 1917 398 2016 noniensi,
429 1937 605 2016 tiburtino,
635 1938 780 2004 lectores
807 1959 933 2024 magna
960 1960 1003 2006 ex
1030 1948 1126 2024 parte
1152 1936 1399 2023 suppeditauit,
1425 1946 1480 2012 et

134 2079 136 2084 ’
228 2071 321 2117 nunc
336 2073 474 2136 quoque
491 2051 606 2118 siculis
622 2064 656 2118 et
669 2052 848 2120 viennensi
865 2051 982 2122 mittit.
1000 2055 1037 2118 ln
1050 2063 1224 2139 posterum
1240 2063 1355 2139 autern
1373 2053 1460 2118 mul·

229 2175 264 2232 to
285 2165 319 2232 id
343 2167 402 2234 fiet
424 2179 436 2208 ¹
460 2167 605 2248 facilius,
632 2181 814 2255 propterea
838 2169 931 2253 quod
953 2188 1046 2234 nunc
1069 2167 1116 2235 ibi
1139 2167 1238 2234 multi
1261 2179 1461 2235 strennuam

227 2302 365 2368 operam
386 2283 493 2351 literis
516 2295 655 2363 nauant,
679 2283 714 2348 in
735 2283 853 2369 eisque
874 2283 1010 2350 assidue
1030 2293 1245 2363 exercentur,
1267 2293 1305 2348 vt
1330 2281 1462 2368 possint

229 2400 373 2466 caeteris
389 2401 607 2484 postmodum
625 2399 780 2486 collegiis
796 2399 968 2488 opitulari.

296 2515 436 2582 Nonum
453 2529 518 2594 est,
536 2515 627 2599 quod
643 2527 657 2554 ²
673 2525 710 2580 vt
726 2514 912 2600 discipulos
927 2537 970 2582 ex
986 2513 1123 2594 nostrie,
1141 2536 1211 2580 non
1232 2524 1366 2580 tantum
1387 2535 1459 2580 mo·

229 2648 304 2694 rum
328 2630 536 2716 integritate,
562 2633 622 2696 sed
647 2629 748 2698 etiam
773 2629 902 2715 ingenii
926 2629 1110 2700 foelicitate
1129 2642 1164 2696 et
1184 2629 1326 2715 egregia
1347 2628 1464 2696 indole

197 2812 199 2814 ,
228 2747 399 2830 probatos
419 2746 493 2812 aliis
508 2746 661 2832 collegiis
677 2745 847 2814 destinare
863 2745 1045 2832 possimus,
1059 2749 1126 2812 hoe
1137 2767 1315 2812 romanum
1328 2757 1381 2813 est
1394 2747 1463 2811 vti·

227 2859 405 2928 lissimum.
425 2864 513 2928 Nam
531 2883 584 2928 res
600 2862 673 2950 ipsa
689 2883 752 2929 nos
767 2861 823 2928 hic
838 2861 975 2928 docebit
990 2873 1157 2947 quantum
1175 2860 1210 2942 ii,
1228 2860 1287 2946 qui
1304 2861 1465 2929 mittendi

228 2989 322 3056 sunt,
341 2977 483 3063 ingenio
499 2987 535 3042 et
550 2975 678 3043 virtute
695 2977 841 3043 valeant.

293 3092 486 3158 Decimum:
506 3093 589 3158 illud
605 3091 706 3160 etiam
723 3093 860 3178 plurimi
876 3102 996 3160 nostra
1014 3091 1166 3158 omnium
1188 3091 1344 3174 interest,
1371 3093 1463 3176 quod

228 3207 284 3271 hic
308 3229 370 3272 nos
391 3229 473 3274 vsus
492 3208 565 3293 ipse
585 3219 619 3274 et
640 3207 849 3292 experientia
870 3219 998 3290 monet,
1020 3208 1098 3292 quis
1113 3208 1158 3274 sit
1172 3207 1320 3274 docendi
1337 3209 1461 3273 modus

228 3322 434 3408 aptissimus
451 3334 487 3388 vt
499 3343 540 3389 eo
553 3333 653 3408 pacto
667 3323 787 3390 melius
800 3322 864 3391 alia
876 3323 1022 3409 collegia
1034 3322 1169 3402 instrui,
1183 3333 1218 3390 et
1230 3322 1305 3390 sine
1321 3322 1464 3408 dispen-

227 3438 285 3504 dio
301 3440 343 3505 ad
361 3439 467 3524 ipsius
482 3437 497 3477 ¹³
513 3441 706 3526 exemplum
723 3427 856 3505 institui
874 3437 1017 3524 possint.

295 3556 364 3624 Sed
380 3559 465 3622 haec
481 3554 572 3620 dicta
586 3554 756 3620 sufficiant
773 3556 887 3640 quoad
905 3565 1116 3620 momentum
1132 3565 1168 3620 et
1179 3554 1343 3639 plurimas
1355 3553 1461 3618 huius

227 3671 363 3757 collegii
380 3670 552 3738 vtilitates.
572 3671 673 3737 Nunc
690 3671 733 3736 de
748 3669 801 3750 iis,
824 3669 882 3755 qui
904 3671 939 3735 in
960 3691 1002 3736 eo
1024 3681 1106 3736 sunt
1129 3669 1326 3749 necessarii,
1351 3654 1461 3756 pauca

227 3787 395 3870 quaedam
413 3786 563 3852 breuiter
579 3785 761 3872 attingam.

296 3901 461 3987 Imprimis
477 3922 617 3970 necesse
634 3911 685 3968 est
702 3899 917 3986 praeficiatur
933 3911 946 3940 ⁰
966 3911 1082 3968 rector
1102 3899 1178 3966 aliis
1198 3898 1226 3982 d,
1252 3919 1292 3966 ac
1315 3920 1395 3966 cum
1420 3921 1462 3966 eo

227 4017 325 4098 alter,
353 4016 410 4102 qui
432 4030 457 4096 ⁸,
476 4017 569 4083 vices
586 4015 727 4084 rectoris
743 4039 879 4103 gerens,
898 4017 1011 4101 quoad
1028 4016 1259 4085 domestiealia
1273 4014 1285 4055 f
1298 4014 1413 4082 omnia
1427 4025 1463 4080 et

239 4155 436 4167 n—-nn—

224 4283 228 4288 ¹
280 4239 294 4275 r
325 4222 519 4278 fuissentolt.
559 4237 604 4266 ..z
623 4221 780 4280 taeietazt.
818 4237 867 4265 ..a
886 4223 975 4278 Deest
987 4224 1021 4278 in
1035 4224 1126 4278 nult.»
1164 4225 1214 4265 -b
1232 4220 1320 4293 hujus
1333 4222 1389 4279 alt.
1428 4251 1461 4262 -

226 4324 240 4353 c
260 4311 426 4382 perficiatur
445 4315 501 4368 ms.
539 4314 589 4354 —d
612 4311 716 4384 aliquis
739 4313 793 4366 alt.
834 4328 880 4356 -e
907 4313 995 4368 Deest
1016 4313 1050 4367 in
1073 4313 1165 4370 noll.»
1201 4314 1249 4354 -f
1268 4327 1385 4382 gerens,
1410 4311 1461 4383 qui

228 4401 391 4472 spiritualia
405 4401 462 4456 alt.

227 4500 442 4517 .-“..-ι--

224 4575 232 4589 ,
281 4557 293 4589 ὅ
325 4555 454 4624 Joannes
468 4551 642 4606 Alvarezius
655 4550 692 4605 de
705 4552 821 4621 Toleto,
835 4550 873 4609 0.
889 4552 923 4610 Ρ.
939 4553 1080 4608 Attamen
1093 4569 1185 4607 neex
1203 4554 1258 4607 hoc
1275 4553 1340 4608 loco
1360 4551 1461 4607 existi·

226 4651 288 4697 met
306 4644 399 4698 lector
417 4643 597 4714 praeclarum
614 4643 691 4696 hunc
711 4641 805 4696 virum
818 4642 872 4696 tria
883 4643 959 4696 lraec
972 4641 1130 4697 Societatis
1143 4642 1268 4714 collegia
1280 4640 1460 4708 condidisse;

228 4748 285 4787 non
299 4733 377 4790 enim
387 4731 421 4787 id
435 4749 537 4788 verum
551 4741 641 4804 esset3
656 4749 744 4804 quare
759 4733 893 4786 consulto
906 4731 1107 4803 scriptumest
1121 4731 1213 4802 «erigi
1227 4730 1417 4809 mandauitp.
