3634 5417
556 487 660 541 Earsr.
681 488 1042 563 2271.,-15¹Drcsrtners
1063 501 1128 557 ¹551
1394 484 1430 557 37

293 637 319 703 ll
337 636 402 721 55³,
420 658 458 707 se
474 640 567 719 fusse
584 636 729 707 inlermo
745 638 788 705 de
805 649 892 705 testa
909 637 944 705 in
965 640 1011 705 tal
1032 641 1147 721 modo,
1169 641 1235 705 che
1256 660 1401 708 venesse
1419 642 1463 707 ad

223 753 411 834 oscurarsi,
429 775 451 819 o
466 773 552 825 vero
565 774 659 821 esser
675 754 753 821 mal'
771 773 857 821 sano
871 754 916 821 de
927 753 1071 839 judicio,
1093 775 1116 821 o
1135 776 1174 821 se
1196 755 1341 823 vedesse
1356 734 1476 821 nota-¹

226 867 295 937 bile
311 868 535 955 dispositione
557 890 617 955 per
638 879 771 954 questo.
796 868 922 955 Questi
942 869 1070 955 cinque
1084 869 1318 957 impedimenti
1340 870 1441 939 exclu

224 984 319 1051 dono
340 986 372 1050 al
393 995 497 1052 tutto.
521 986 617 1053 Sono
637 984 727 1065 altri,
750 987 816 1052 che
836 984 866 1053 si
885 986 965 1053 ben’
988 987 1072 1072 ogni
1091 1006 1162 1051 vno
1184 987 1229 1055 da
1250 1006 1311 1073 per
1330 1008 1368 1053 se
1389 1007 1460 1052 non

221 1100 383 1181 exclude,
402 1101 436 1167 sa
452 1102 534 1187 perd
549 1102 615 1169 che
630 1123 700 1167 vno
715 1100 766 1167 sia
782 1121 905 1169 maneo
918 1101 1054 1183 idoneo;
1067 1111 1103 1169 et
1115 1100 1225 1188 potria
1236 1123 1352 1170 essere
1364 1111 1460 1169 tanto

221 1216 356 1299 grande
371 1216 394 1281 il
410 1216 552 1297 deletto,
571 1219 635 1284 che
652 1238 721 1283 non
737 1216 766 1283 si
785 1228 962 1302 reputasse
974 1197 1012 1282 in
1028 1215 1177 1285 seruicia
1199 1217 1243 1285 de
1266 1217 1333 1284 Dio
1355 1236 1457 1284 aoce-

223 1334 311 1415 ptar'
330 1332 455 1399 nisuno
470 1353 537 1401 con
554 1332 670 1418 quelli.
689 1332 764 1400 Tali
780 1332 1017 1420 impedimenti
1032 1352 1131 1399 sono:

261 1514 266 1522 ,
292 1448 342 1516 Le
357 1446 508 1535 passioni
528 1446 727 1516 indomabili
748 1471 770 1516 o
790 1446 1033 1516 consuetudini
1054 1448 1090 1514 di
1111 1447 1256 1535 peceati,
1279 1448 1369 1515 doue
1391 1470 1461 1515 non

221 1562 253 1627 si
269 1563 417 1650 sperassi
434 1564 557 1651 grand'
574 1562 811 1631 emendation.

290 1680 329 1746 L'
342 1678 560 1760 incostantia,
579 1702 600 1745 o
616 1677 844 1767 dapoeagine,
860 1702 881 1747 o
898 1679 1000 1747 simili
1016 1678 1149 1747 deletti:
1165 1680 1187 1744 l’
1203 1678 1387 1746 indiscrete
1400 1679 1460 1745 de·

221 1793 354 1860 uotioni
370 1796 437 1861 che
450 1796 559 1889 ¹fanno
575 1816 713 1862 caseata
734 1794 849 1863 alcuni
869 1796 905 1862 in
922 1794 1074 1863 illusioni
1089 1805 1125 1862 et
1140 1793 1247 1861 errori
1267 1796 1311 1862 de
1332 1795 1458 1881 impor-

219 1922 335 1991 tanza,
350 1911 498 1979 maxime
510 1912 602 1980 doue
614 1912 707 1979 fusse
719 1911 808 1979 duro
822 1912 845 1979 il
853 1910 985 1998 judicio
998 1912 1147 1998 proprio,
1163 1911 1186 1976 il
1198 1913 1264 1979 che
1276 1913 1296 1979 ὁ
1308 1932 1390 1978 cosa
1402 1932 1459 1996 pe·
1505 1987 1508 1991 ,

225 2024 372 2093 ricolosa
388 2028 478 2095 nelle
489 2027 763 2115 congregationi.

287 2142 519 2229 Ineptitudine
539 2162 600 2230 per
620 2144 652 2210 le
672 2144 793 2211 lettere
814 2165 874 2230 per
897 2153 1138 2211 mancamento
1167 2143 1211 2212 de
1239 2142 1407 2231 ingegno,
1435 2164 1457 2208 o

217 2258 381 2325 memoria
398 2280 419 2325 o
434 2257 567 2345 lingua,
586 2259 723 2345 quando
739 2282 778 2328 se
798 2270 959 2327 trattasse
978 2259 1023 2327 de
1042 2280 1189 2347 persone
1209 2262 1274 2326 che
1295 2258 1456 2327 siaccet-

218 2384 302 2441 tano
318 2396 379 2460 per
395 2374 483 2457 altro
500 2376 567 2441 che
583 2396 644 2461 per
655 2374 813 2443 seruicio.

286 2492 527 2557 Mancamento
541 2490 586 2558 de
602 2491 635 2557 la
650 2489 812 2577 integritd
833 2491 1024 2575 corporale,
1047 2489 1210 2557 infirmita
1234 2511 1256 2555 o
1276 2488 1452 2570 deboleza,

216 2627 238 2669 o
255 2605 341 2671 altro
357 2615 598 2673 maneamento
616 2604 766 2673 notabile
782 2604 837 2675 del
854 2626 971 2692 corpo,
1521 2584 1526 2593 ’

285 2722 334 2787 La
357 2720 412 2787 eti
434 2720 538 2787 molto
563 2730 681 2788 tenera
702 2742 723 2787 o
745 2722 856 2787 molto.
870 2742 980 2807 graue
995 2733 1020 2787 ¹:
1039 2730 1074 2789 et
1094 2720 1123 2787 si
1145 2732 1268 2807 reputa
1289 2732 1409 2789 tenera
1423 2720 1452 2787 si

216 2856 286 2903 non
303 2838 347 2903 ha
368 2851 405 2919 15
422 2835 504 2903 anni
520 2834 622 2905 etiam
640 2857 701 2921 per
716 2846 887 2905 accettare
903 2858 924 2901 a
940 2833 1154 2922 probatione.

284 2950 400 3019 Debiti
415 2972 437 3017 o
452 2972 535 3018 vero
550 2950 752 3037 obligationi
768 2950 862 3017 ciuili
879 2962 949 3019 etc.

283 3184 349 3251 Per
377 3182 401 3248 il
421 3181 607 3263 contrario,
630 3182 662 3248 le
684 3180 770 3267 parti
788 3185 851 3249 che
869 3204 955 3249 sono
970 3184 1085 3251 boone
1106 3204 1167 3269 per
1186 3192 1357 3251 accettare
1379 3203 1450 3249 vno

213 3300 279 3367 alla
298 3296 515 3385 Compagnia
536 3309 652 3365 nostra
672 3319 758 3364 sono
778 3308 912 3382 queste,
931 3297 1142 3366 intendendo
1158 3300 1202 3365 de
1218 3318 1364 3384 persone
1385 3299 1450 3364 che

212 3414 239 3480 si
257 3425 445 3499 acceptatio
458 3434 518 3499 per
535 3415 621 3480 altro
633 3415 698 3481 che
715 3434 775 3499 per
791 3412 952 3481 seruicio:

281 3528 409 3610 Primo,
432 3530 547 3595 buona
569 3528 732 3609 dottrina,
755 3548 777 3595 o
797 3527 952 3616 ingegno
973 3540 1009 3598 et
1032 3529 1194 3597 memoria
1217 3527 1447 3599 conueniente

212 3667 273 3730 per
288 3643 480 3731 impararla3
499 3632 533 3711 et
550 3644 640 3712 nelle
652 3665 733 3711 cose
746 3642 863 3730 agibili
876 3644 1099 3712 discrettione
1114 3666 1136 3711 o
1148 3645 1162 3731 j
1168 3644 1279 3711 udicio
1291 3646 1447 3712 almarico

212 3780 272 3845 per
286 3758 472 3846 aquistarla
489 3760 544 3826 col
561 3770 689 3845 tempo.
708 3758 769 3840 2.⁰‚
788 3762 853 3829 che
875 3759 1029 3826 habbino
1050 3762 1166 3829 buona
1185 3759 1328 3827 volunta
1350 3758 1446 3826 incli-

210 3884 290 3941 nata
307 3875 372 3941 alla
388 3872 593 3961 perfettione
610 3886 723 3943 suaet
740 3874 834 3943 aiuto
848 3877 892 3945 de
913 3874 937 3941 li
953 3874 1110 3961 proximi.
1131 3877 1196 3961 3.⁰,
1216 3878 1281 3945 che
1296 3873 1447 3946 habbino

209 3987 321 4074 gratia
336 3990 460 4056 alcuna
475 3988 510 4055 di
532 3990 675 4076 parlare,
701 3990 862 4057 hauendo
885 3991 930 4057 ad
950 4011 1137 4058 conuersar
1157 4012 1222 4058 con
1243 3988 1321 4057 altri
1341 3990 1443 4069 assai,
1515 4002 1523 4013 “

208 4104 359 4172 secondo
374 4105 396 4170 l'
413 4103 548 4171 istituto
565 4118 696 4175 nostro.
718 4107 785 4188 4⁰,
803 4107 828 4171 l’
846 4106 1044 4192 apparentia
1061 4107 1220 4187 honesta,
1239 4116 1368 4191 quanto
1385 4126 1445 4190 per

207 4218 414 4288 edification'
432 4220 486 4287 del
502 4219 658 4307 proximo
674 4220 856 4287 conuiene.
876 4223 941 4305 5.⁰‚
956 4222 1021 4288 che
1034 4220 1159 4288 habbia
1171 4220 1283 4289 sanita
1299 4232 1334 4288 et
1350 4220 1443 4287 lorze

207 4333 375 4421 corporali
402 4334 446 4403 da
473 4346 570 4423 poter
597 4348 797 4423 sopportare
824 4338 856 4405 le
883 4336 1011 4403 fatiche
1038 4337 1094 4404 del
1122 4348 1240 4403 nostro
1267 4332 1438 4401 instituto.

205 4448 271 4528 6.⁰,
295 4448 371 4516 altri
393 4450 474 4517 doni
495 4450 640 4532 externi,
664 4472 761 4520 come
790 4451 952 4531 autoritati,
976 4450 1118 4519 nobilita
1142 4463 1177 4519 et
1207 4448 1321 4530 simili,
1343 4470 1441 4517 come

257 4714 271 4740 ι
306 4714 400 4769 grene
412 4716 468 4759 ms.
