3634 5417
374 525 430 594 340
755 525 963 588 Mouuunnrn
982 523 1159 578 lonnrrnun

339 690 374 746 et
391 674 483 746 uisiti
500 678 542 746 V.
566 677 654 746 Sria.
678 677 773 744 Rma.
795 697 860 742 con
883 675 958 742 suoi
978 673 1162 743 santissimi
1183 675 1265 742 doni
1285 686 1320 744 et
1340 678 1451 762 gratie
1474 673 1575 764 spiri-

342 794 438 862 tuali.
1168 871 1172 882 ῃ

408 913 546 977 Ancora
561 913 626 977 che
641 909 810 996 speriamo
825 913 890 977 che
905 931 971 975 con
987 911 1007 974 l'
1026 908 1170 995 aggiuto
1185 907 1304 975 diuino
1321 907 1396 974 sard
1410 918 1526 994 presto
1538 907 1575 974 in

342 1029 450 1094 Roma
462 1029 506 1094 V.
521 1025 609 1094 Sria.
626 1029 738 1105 Rma.,
755 1027 848 1094 doue
863 1023 900 1092 in
917 1025 1088 1111 presentia
1104 1027 1204 1110 potrd
1220 1035 1360 1090 trattare
1376 1023 1453 1090 dell'
1471 1045 1575 1110 opera

342 1144 397 1211 del
425 1141 573 1228 collegio
600 1140 814 1227 germanico,
844 1142 944 1226 quale
972 1162 1032 1226 per
1059 1161 1121 1206 sua
1144 1139 1243 1206 solita
1265 1138 1413 1220 charita,
1441 1149 1477 1206 et
1500 1139 1577 1204 zelo

342 1259 421 1326 dell’
432 1257 564 1336 anime,
582 1279 601 1323 e
616 1279 677 1342 per
693 1258 726 1324 la
742 1257 889 1342 speciale
905 1255 1126 1341 inspiratione
1141 1257 1184 1322 de
1205 1255 1272 1322 Dio
1292 1265 1413 1321 nostro
1437 1255 1576 1340 signore

343 1375 387 1441 V.
411 1373 497 1442 Sria.
522 1375 618 1439 Rma.
639 1373 730 1440 tiene
747 1383 842 1438 tanto
858 1395 877 1437 a
893 1393 1010 1451 cuore,
1029 1393 1093 1456 pur
1109 1371 1352 1438 auicinandose
1369 1373 1392 1435 l'
1411 1371 1572 1450 Ottobre,

241 1552 244 1561 ,
343 1510 403 1576 per
418 1488 441 1553 il
458 1488 538 1572 qual
552 1493 669 1573 'tempo
685 1487 741 1574 gin
758 1486 872 1553 alcuni
887 1485 1073 1553 doneriano
1090 1507 1183 1554 esser
1200 1487 1319 1554 uenuti
1332 1507 1392 1572 per
1408 1488 1470 1553 dar
1482 1487 1575 1573 prin-

343 1605 432 1692 cipio
444 1605 499 1670 all’
514 1625 628 1689 opera;
645 1625 742 1690 parse
754 1626 775 1669 a
786 1602 987 1688 monsignor
999 1603 1099 1671 Rmo.
1116 1603 1152 1668 d'
1170 1603 1359 1688 Augusta¹
1378 1605 1443 1670 che
1458 1603 1502 1672 de
1514 1625 1578 1670 sua

343 1730 440 1806 parte
455 1729 489 1786 et
506 1719 573 1784 mia
589 1717 622 1784 io
639 1717 798 1786 scriuessi
813 1719 846 1784 la
862 1727 1032 1803 presente,
1052 1718 1244 1784 mandando
1261 1739 1281 1784 a
1297 1719 1340 1785 V.
1365 1716 1453 1786 Sria.
1477 1719 1574 1784 Rma.

343 1845 466 1922 questa
487 1833 586 1920 copia
601 1834 690 1901 della
706 1833 836 1900 minuta
852 1833 931 1900 dell’
949 1820 1116 1900 erettione
1131 1833 1187 1898 del
1203 1831 1388 1919 colleggio,
1407 1855 1426 1898 a
1443 1833 1497 1899 cio
1512 1835 1578 1901 che

344 1951 556 2024 uedendola‚
590 1961 625 2016 et
656 1948 903 2034 aggiongendo
934 1970 955 2014 o
985 1948 1133 2014 leuando
1160 1947 1274 2032 quello
1301 1951 1365 2015 che
1393 1969 1531 2034 paresse
1558 1971 1578 2014 a

344 2068 388 2133 V.
408 2065 495 2134 Stia.
516 2067 629 2160 Rma.,
647 2076 683 2130 et
699 2063 844 2130 dandoci
861 2062 969 2143 amiso,
988 2062 1017 2128 si
1035 2062 1207 2148 procurasi
1220 2064 1335 2130 subito
1347 2065 1380 2129 la
1393 2063 1576 2150 espeditio-

312 2263 315 2269 Ι
345 2205 389 2249 ne
404 2183 448 2248 de
463 2181 578 2265 quella
594 2183 621 2248 ³.
639 2181 676 2245 ln
694 2189 816 2265 questo
832 2201 928 2246 mezo
945 2181 983 2248 S.
1001 2177 1088 2247 Sria.
1113 2181 1225 2258 Rma.,
1248 2201 1347 2248 come
1368 2180 1523 2246 feruente
1543 2179 1578 2246 in

344 2319 448 2384 opera
464 2307 561 2362 tanto
578 2295 644 2382 pia,
663 2296 768 2363 uedrd
786 2296 829 2362 de
845 2317 970 2362 cauare
986 2294 1009 2360 li
1026 2293 1122 2363 breui
1138 2295 1182 2362 de
1194 2297 1232 2364 S.
1246 2291 1283 2364 S.
1299 2317 1360 2380 per
1373 2295 1396 2360 li
1408 2293 1531 2382 prelati
1544 2307 1579 2363 et

345 2412 421 2480 altri
433 2411 562 2499 signori
575 2411 609 2477 di
627 2413 830 2497 Alemagna,
848 2422 884 2478 et
898 2411 1050 2478 scriuera
1066 2431 1130 2476 con
1147 2411 1170 2476 l'
1189 2410 1430 2480 informatione
1447 2432 1578 2478 conue-

346 2527 463 2595 niente
478 2549 539 2614 per
556 2528 606 2594 far
623 2527 741 2594 uenire
758 2538 875 2612 gente.

300 2724 305 2732 ,
415 2645 472 2710 Ma
486 2645 612 2728 perche
628 2642 740 2708 alcuni
758 2640 952 2721 thudeschi,
972 2640 1087 2726 agenti
1103 2643 1147 2709 de
1169 2641 1272 2726 quelli
1293 2641 1438 2729 signori,
1466 2653 1579 2728 potes-

347 2758 423 2825 sino
447 2758 597 2824 scriuere
620 2777 719 2824 come
741 2757 773 2822 le
797 2777 877 2823 cose
900 2754 929 2822 si
951 2777 1154 2840 preparano,
1176 2768 1211 2822 et
1232 2757 1360 2841 perche
1381 2768 1472 2826 resta
1493 2779 1581 2844 poco

262 2922 265 2927 <
347 2885 463 2958 tempo
479 2871 580 2938 insin’
599 2871 665 2937 alla
679 2882 809 2938 uenuta
824 2872 859 2936 d'
877 2869 991 2937 alcuni
1007 2871 1051 2938 de
1066 2871 1152 2950 loro,
1171 2893 1229 2940 era
1245 2873 1288 2940 de
1304 2893 1423 2958 parere
1435 2874 1515 2953 che,
1530 2873 1583 2938 fra

347 2988 370 3054 li
388 2987 476 3056 Rmi.
495 2985 688 3072 protettori‚
706 2987 975 3054 cominciasssno
992 3008 1011 3052 a
1028 2986 1237 3055 contribuire
1254 2989 1403 3074 qualche
1416 3009 1584 3054 summan

349 3116 452 3170 conto
468 3105 546 3170 dell'
564 3125 679 3189 opera,
698 3124 764 3169 con
781 3102 837 3168 cui
853 3102 1003 3188 esempio
1019 3099 1095 3167 altri
1112 3100 1214 3169 etiam
1232 3104 1260 3168 si
1278 3105 1487 3184 mouessin0‚
1511 3107 1582 3171 e·s'

349 3219 515 3286 ordinassi
536 3219 681 3305 qualche
697 3219 824 3285 uiatico
839 3239 900 3304 per
916 3217 1041 3297 alcuni,
1061 3217 1140 3284 etsi
1158 3219 1309 3304 pigliassi
1326 3241 1417 3302 casa,
1437 3234 1472 3288 et
1490 3232 1583 3304 parte

350 3338 393 3404 de
414 3337 445 3402 le
466 3334 655 3404 masseritie
677 3335 870 3403 necessarie
893 3336 919 3404 ⁴.
943 3337 1076 3420 Questo
1099 3337 1283 3402 medesimo
1304 3337 1419 3403 serino
1437 3335 1491 3402 all'
1508 3336 1583 3404 altri

352 3451 440 3518 Rmi.
459 3449 650 3536 protettori,
668 3460 703 3517 et
720 3450 806 3516 fattn
827 3453 973 3535 qualche
994 3454 1201 3540 prouisione‚
1226 3464 1261 3522 et
1280 3455 1433 3538 parendo
1453 3454 1542 3522 bene
1564 3475 1585 3519 a

404 3682 415 3710 ’
453 3672 526 3733 Otto
539 3671 762 3730 Truclrsessius.

403 3766 415 3797 ³
451 3762 594 3819 Videatur
611 3761 648 3816 ad
665 3762 743 3816 hunc
761 3777 869 3816 annum
887 3761 1068 3836 Potnttcus¹
1092 3764 1217 3833 chron„
1235 3765 1274 3834 ΙΙ,
1293 3777 1423 3836 421·424.
1443 3765 1530 3820 Plura
1548 3764 1587 3820 de

351 3853 453 3908 «Bulla
466 3851 625 3906 erectionis
637 3849 755 3920 collegii
769 3850 950 3920 Germanici,
964 3861 1050 3923 prout
1063 3855 1119 3909 sub
1131 3853 1221 3909 linem
1235 3854 1344 3910 mensis
1359 3855 1424 3910 lulli
1440 3867 1509 3923 1552
1530 3855 1585 3928 pri·

353 3957 432 3996 mum
445 3958 462 3994 a
475 3957 499 3997 s·
515 3939 628 4010 ignatio
640 3947 786 4011 concepta
799 3945 872 4009 estu,
885 3939 974 3995 tradit
988 3941 1194 4010 Sermonum,
1209 3943 1451 4010 Morrumentu...‚
1461 3961 1529 4016 pag.
1541 3957 1587 4014 29.

405 4033 417 4064 ⁴
454 4050 504 4087 n...
523 4045 561 4084 ne
578 4027 689 4083 diutius
707 4028 788 4098 pium
805 4029 861 4084 hoc
877 4045 952 4100 opus
970 4029 1152 4104 differretur,
1172 4031 1382 4087 conductitiam
1400 4031 1519 4087 domum
1539 4049 1585 4088 su·

351 4118 487 4174 mendam
500 4134 568 4173 esse
581 4117 677 4172 visum
691 4125 748 4184 est3
762 4125 793 4171 et
806 4117 836 4172 in
850 4121 1019 4174 membrana
1033 4120 1170 4176 Summus
1184 4121 1247 4192 ipse
1262 4113 1400 4176 Pontifex
1413 4139 1480 4176 cnm
1500 4122 1585 4194 pluri·

352 4209 407 4262 mis
419 4207 457 4264 de
470 4208 560 4262 Sacro
572 4205 707 4276 Collegio
719 4205 920 4262 Cardinalium
936 4208 1006 4279 quid
1019 4208 1152 4264 conferre
1166 4211 1278 4266 vellent
1290 4210 1327 4264 ad
1340 4211 1586 4268 sustentationem

351 4297 565 4352 Germanorum
581 4295 849 4365 subscripserunt.»
868 4293 1050 4367 ΡοιΑΝουε,
1071 4297 1195 4362 Clarum,
1215 4299 1252 4370 11,
1271 4313 1335 4368 4²2·
1355 4299 1430 4354 Vide
1450 4300 1492 4354 sis
1510 4297 1587 4372 apud

350 4386 518 4456 Connnttn,
534 4383 664 4456 Collegit
679 4382 859 4440 Germanici
871 4389 898 4439 et
912 4385 1090 4457 Huugnrici
1101 4387 1242 4452 historin,
1258 4403 1324 4459 pag.
1336 4403 1381 4457 44,
1394 4389 1585 4462 «Exemplum

350 4477 469 4530 chartae
485 4489 682 4546 pergamenae
699 4472 729 4528 in
746 4489 803 4544 qua
820 4473 918 4542 Julius
937 4473 988 4530 Ill.
1007 4484 1037 4531 et
1055 4473 1235 4546 Cardinales,
1256 4477 1306 4549 qui
1324 4477 1435 4532 Romae
1453 4477 1586 4547 aderant,
1658 4546 1665 4552 ·

350 4565 461 4635 scripto
473 4562 596 4634 professi
610 4571 679 4616 sunt
691 4561 762 4633 quid
772 4561 897 4635 quisque
912 4571 993 4618 esset
1005 4565 1192 4622 collaturus».
1205 4559 1287 4620 Idem
1299 4575 1522 4622 monumentum
1532 4581 1586 4640 ope

349 4654 422 4710 artis
435 4650 682 4725 photographicae
695 4667 733 4704 ex
751 4651 887 4721 originali
904 4653 1052 4724 expressit
1064 4652 1258 4727 adjunxitque
1271 4655 1353 4728 operi
1372 4671 1427 4711 suo
1444 4655 1590 4714 Sermou-

352 4757 428 4813 nert,
442 4742 674 4798 monumenta...
689 4738 726 4794 ad
738 4741 861 4796 calcem.
