3634 5417
1121 221 1132 252 i

407 483 460 552 482
788 483 996 542 Mosurrarra
1015 483 1193 538 lenimina

374 636 529 702 humiliti
546 647 657 719 santa,
675 637 741 704 che
762 657 830 702 non
849 635 898 702 sia
916 633 1184 722 contemptibile,
1203 651 1236 705 et
1253 637 1358 721 perda
1378 636 1412 702 la
1432 634 1603 701 authoriti

375 752 568 820 necessaria
583 773 649 818 con
666 751 697 818 le
714 769 858 838 persone
874 773 939 818 con
956 751 1012 817 chi
1028 751 1057 818 si
1073 762 1189 818 tratta.
1204 752 1243 820 Sl
1257 754 1322 818 che
1337 753 1366 817 si
1383 764 1487 837 tenga
1503 750 1612 815 modo

376 867 410 933 in
426 870 459 933 la
475 837 910 936 exteriordemonstration
926 867 970 934 de
990 867 1162 948 humilita3
1179 880 1215 934 et
1238 868 1444 934 demandato
1472 869 1521 934 M.
1545 865 1605 932 Al·

376 985 474 1052 berto
499 993 628 1067 quanto
647 994 764 1068 tempo
784 983 805 1050 ὸ
826 993 916 1049 stato
944 983 1032 1049 nella
1052 993 1067 1023 ⁸
1086 982 1313 1069 Compagnia,
1331 981 1408 1049 dica
1422 1003 1521 1049 come
1543 983 1566 1046 l’
1587 1004 1607 1046 a

377 1099 606 1186 cognosciuto
622 1097 717 1165 molti
734 1098 814 1164 anni
831 1099 877 1179 fa,
895 1109 930 1164 et
946 1120 1016 1164 non
1032 1099 1060 1166 si
1076 1099 1153 1165 dica
1166 1101 1231 1167 che
1242 1121 1311 1165 non
1324 1101 1440 1165 hanno
1454 1098 1607 1165 studiato

378 1213 563 1300 theologia,
587 1236 641 1280 ma
663 1214 720 1300 pio
736 1227 865 1300 preste,
885 1215 1022 1299 quando
1041 1214 1167 1281 sossino
1183 1213 1391 1294 domandati,
1410 1218 1476 1280 che
1492 1217 1609 1280 hanno

377 1331 467 1398 visto
489 1331 634 1416 qualche
650 1351 742 1410 cosa,
762 1329 784 1396 il
801 1331 866 1399 che
882 1331 900 1396 ὲ
919 1351 1019 1409 vero,
1031 1341 1066 1398 et
1077 1330 1265 1398 conseruisi
1287 1331 1344 1416 pih
1365 1343 1482 1416 presto
1498 1326 1610 1396 chesi

379 1447 563 1512 sminuisca
578 1448 611 1512 la
633 1445 792 1532 opinione
816 1459 851 1512 et
874 1457 1042 1532 concepto
1065 1447 1107 1513 de
1130 1445 1287 1514 doctrina
1305 1447 1340 1511 in
1361 1447 1447 1525 loro,
1465 1447 1564 1512 salua
1579 1445 1611 1511 la

305 1648 311 1660 ·
379 1561 487 1628 veriti
508 1574 543 1628 et
565 1560 741 1629 modestia.

448 1675 501 1744 69
548 1677 730 1767 Habbiano
746 1679 954 1744 aduertenza
969 1679 1034 1744 che
1057 1677 1176 1744 nissun
1197 1677 1242 1746 de
1262 1697 1340 1743 casa
1362 1676 1521 1745 conuersi
1546 1697 1612 1741 con

384 1793 561 1860 forastiero
576 1793 719 1860 nissuno
735 1793 763 1860 si
780 1815 851 1860 non
867 1814 932 1863 con
948 1792 1083 1862 licentia
1106 1813 1277 1878 expressa3
1296 1803 1331 1861 et
1348 1793 1376 1860 si
1394 1793 1523 1860 tossino
1541 1813 1614 1858 ina·

384 1908 456 1987 stri,
476 1929 546 1974 non
564 1907 701 1993 possino
717 1911 913 1976 conuersar'
932 1929 997 1974 con
1013 1895 1090 1974 siroi
1103 1907 1252 1974 scholari
1264 1930 1302 1976 se
1314 1930 1382 1974 non
1397 1907 1431 1973 in
1444 1909 1534 1974 lochi
1548 1929 1611 1993 pu·

384 2023 462 2089 blici
478 2035 513 2089 et
529 2045 631 2090 senza
647 2025 756 2089 hauer
769 2022 961 2092 familiariti
978 2024 1103 2109 special
1119 2045 1184 2090 con
1201 2023 1319 2090 nissun
1339 2023 1374 2090 di
1391 2025 1478 2104 loro,
1496 2023 1525 2089 si
1542 2045 1614 2089 non

384 2140 489 2218 fusse,
505 2159 603 2206 como
614 2141 634 2206 ὁ
646 2139 747 2221 ditto,
762 2159 828 2207 con
841 2137 979 2208 licentia
992 2160 1152 2224 expressa
1170 2150 1205 2207 et
1215 2161 1277 2225 per
1289 2140 1434 2224 qualche
1449 2159 1533 2206 cosa
1548 2138 1615 2204 im·

385 2265 554 2340 portante3
572 2265 605 2322 et
623 2253 763 2321 nissuno
776 2253 866 2340 possi
886 2265 979 2320 tocar
995 2255 1028 2320 al
1043 2254 1142 2333 altr0,
1157 2255 1200 2321 ni
1213 2253 1394 2340 discipulo,
1409 2254 1452 2320 nie
1469 2253 1503 2320 di
1516 2255 1616 2338 qual-

385 2366 508 2455 sivogli
524 2368 609 2438 sorti
624 2369 658 2436 di
676 2391 833 2455 persone,
847 2369 882 2435 in
899 2369 1048 2449 orechia,
1065 2371 1107 2434 ni
1123 2369 1159 2434 in
1176 2391 1290 2449 mano,
1304 2371 1347 2436 ne
1364 2369 1398 2434 in
1415 2371 1502 2436 altra
1518 2380 1617 2456 parte

386 2485 520 2560 alcuna,
538 2497 573 2553 et
590 2487 704 2571 quello
721 2485 854 2552 saccino
871 2487 1035 2579 obseruar
1050 2486 1073 2550 li
1090 2486 1259 2554 sacerdoti
1274 2485 1570 2571 diligentemente.

454 2600 506 2681 7.⁰
552 2599 656 2670 Siano
684 2600 838 2686 deputati
866 2601 947 2666 duoi
964 2599 1085 2666 sindici
1106 2621 1128 2666 o
1151 2600 1295 2679 censori,
1321 2603 1370 2667 Μ.
1400 2599 1557 2668 Oliuerio
1582 2611 1619 2668 et

388 2719 435 2786 M.
449 2718 539 2804 joan
556 2716 709 2802 Baptista
726 2717 768 2782 de
789 2717 884 2804 Jeslr;
903 2728 938 2784 et
957 2715 1134 2801 parendoli
1156 2716 1373 2802 aggiungere
1391 2715 1416 2780 il
1444 2727 1551 2795 terzo,
1570 2715 1620 2782 sia

388 2833 435 2898 M.
455 2833 598 2910 Renato,
617 2831 672 2898 cui
694 2832 800 2898 offitio
820 2831 871 2898 sia
891 2843 1011 2899 notare
1027 2832 1160 2899 lecese
1180 2831 1247 2897 che
1262 2831 1426 2899 vedesino
1446 2831 1529 2897 nelli
1553 2833 1620 2898 fra·

388 2946 446 3012 teli
462 2958 497 3011 et
513 2948 630 3014 schola
647 2961 681 3014 et
697 2947 772 3014 altri
794 2966 873 3015 cose
889 2945 1072 3033 pertinenti
1101 2947 1134 3012 al
1159 2947 1331 3033 colleggio
1353 2950 1418 3014 che
1439 2969 1510 3014 non
1532 2957 1619 3013 stes·

389 3061 465 3128 sino
487 3064 586 3144 benc3
609 3073 644 3129 et
665 3062 961 3148 coaggregandosi
981 3061 1017 3128 in
1038 3063 1083 3127 tal
1106 3083 1199 3140 caso,
1221 3063 1434 3148 prouedano,
1452 3060 1621 3127 auisando

390 3177 412 3241 il
433 3193 555 3258 retore;
574 3189 609 3244 et
629 3201 690 3264 per
711 3199 812 3250 mano
827 3179 871 3245 de
891 3179 964 3244 loro
983 3178 1065 3245 dare
1086 3179 1208 3244 alcone
1228 3177 1418 3262 penitentie
1438 3177 1528 3244 seria
1548 3198 1620 3242 rne-

390 3293 460 3377 glio
484 3297 547 3361 che
563 3293 657 3362 darle
673 3303 761 3360 tutte
777 3294 809 3360 el
826 3305 949 3373 retore,
967 3291 1043 3359 anzi
1060 3293 1093 3360 la
1113 3290 1226 3359 minor
1247 3271 1344 3378 parte
1364 3295 1385 3360 ὸ
1407 3291 1498 3358 bono
1521 3291 1580 3358 dia
1600 3291 1624 3356 il

391 3419 515 3475 retore.

954 3581 1060 3663 2976

675 3719 822 3814 ΙΡΑΤΒΙ
847 3671 1132 3787 aranonrno
1156 3721 1334 3787 aaran

784 3864 871 3908 noim
891 3865 926 3908 22
945 3863 1103 3908 ocroams
1124 3865 1191 3922 1552
1212 3858 1231 3909 ¹.

595 3973 761 4032 Certiorem
775 3976 861 4032 illum
870 3977 954 4050 facit
965 3977 1002 4032 de
1014 3975 1141 4050 acceptis
1153 3975 1424 4031 constitutionibus.

463 4101 764 4170 Sicilia-Primo.
785 4104 818 4169 A
835 4103 936 4170 Mtro.
955 4103 1066 4170 Nadal
1082 4122 1121 4168 se
1135 4102 1179 4166 dri
1197 4101 1293 4168 auiso
1305 4099 1394 4174 delle
1407 4099 1627 4168 constitutio-

400 4217 435 4283 ni
451 4230 627 4299 receuute;
645 4231 679 4286 et
696 4208 782 4285 altre
797 4239 888 4284 cose.

400 4361 585 4368 ——w-o-n

452 4439 466 4466 a
503 4431 580 4476 stato
594 4439 649 4477 ene
663 4423 689 4476 la
700 4439 755 4481 ms.

455 4613 463 4644 ¹
503 4613 544 4666 Ex
558 4612 659 4667 codice
674 4612 791 4685 Regest.
807 4613 831 4676 t,
847 4611 895 4666 iol.
914 4609 988 4682 1431,
1004 4627 1082 4666 vers.
1099 4608 1630 4683 12.Scriptionistempusconstatex

401 4701 526 4772 epistola
540 4715 620 4771 2991.
