3634 5417
455 497 558 554 lnnnx
576 509 802 570 rnnsonaamr,
816 510 932 560 ,11011011
951 511 995 556 ac
1012 510 1166 555 roconmr
1338 511 1392 570 719

219 649 287 706 diae
305 649 423 706 sodales
445 650 488 706 sic
511 650 637 706 orationi
657 651 722 706 vult
739 650 781 705 in·

219 738 356 810 dulgere,
384 749 418 795 ut
445 741 591 796 rationem
621 739 710 795 etiarn
733 741 782 794 ha·

221 830 312 884 beant
336 829 514 885 valetudinis
541 837 572 884 et
593 829 696 900 studii,
716 830 781 898 2803

207 917 398 974 ‚Gaudanum
417 919 504 974 nimis
527 920 662 974 laborare
686 926 779 989 vetat,

219 1021 288 1076 4903
312 1006 461 1063 Godiuum
483 1009 662 1071 consolatur,
682 1006 782 1063 docet·

223 1113 281 1168 que
299 1096 508 1168 occupationes
530 1105 651 1169 propter
672 1095 781 1166 Deum,

220 1201 261 1240 ex
280 1183 451 1240 obedientia
468 1193 634 1257 susceptas,
648 1192 782 1240 contem-

224 1273 347 1348 plationi
372 1291 458 1348 parer
480 1291 559 1346 esse,
582 1283 612 1330 et
637 1292 782 1330 nonaum-

221 1382 311 1438 quam
325 1380 390 1420 eam
403 1379 553 1436 superare,
571 1363 632 1436 1263
643 1363 741 1418 socios
752 1363 781 1418 in

224 1453 309 1510 india
322 1461 475 1510 versantes
488 1453 611 1509 Romam
619 1452 781 1524 jubetscri·

225 1544 309 1613 bere,
324 1556 386 1611 1ao;
410 1543 515 1615 probat
533 1559 550 1598 a
567 1541 704 1598 Kesselio
723 1540 782 1612 eje·

224 1639 292 1688 ctos
309 1629 397 1686 simui
416 1649 433 1686 e
456 1629 607 1686 Societate
629 1629 721 1684 luisse
738 1645 784 1684 se-

226 1721 284 1776 mel
308 1728 339 1776 et
356 1719 462 1774 iterum
482 1717 598 1774 sodales
618 1719 715 1791 plures
731 1717 783 1790 qui

227 1809 302 1864 male
325 1826 358 1863 se
379 1810 535 1880 gerebant,
555 1807 618 1877 561;
638 1815 723 1877 rogat
743 1822 782 1861 ne

226 1896 531 1969 patiaturBrassicam
554 1894 720 1950 immodicis
742 1894 783 1949 la·

227 1985 348 2041 boribus
371 1994 402 2041 et
424 1984 540 2039 fervore
558 1983 693 2056 opprimi,
715 1983 781 2053 6093

193 2119 196 2124 .
224 2074 355 2146 exquirit
377 2073 448 2147 quid
471 2073 580 2128 sentiat
601 2071 723 2127 Lainius
744 2070 782 2126 de

227 2161 357 2234 roganda
371 2160 529 2217 tridentina
544 2161 658 2232 synodo
681 2168 713 2216 ut
731 2159 781 2216 So·

225 2250 346 2308 cietatis
364 2251 531 2313 institutum
554 2248 721 2320 confirmet,
734 2263 781 2320 4ο,

227 2354 274 2416 413
297 2339 431 2396 Lainium
457 2337 562 2395 statuit
582 2339 684 2394 Italiae
708 2337 783 2394 citra

227 2431 351 2486 Romam
364 2428 575 2502 provincialem
584 2443 695 2483 creare:
703 2425 782 2485 illius

129 2551 132 2558 ·
227 2519 450 2576 excusationem
475 2513 581 2589 rejicit,
609 2515 672 2588 ³⁰73
699 2516 782 2572 illum

226 2607 365 2679 objurgat
386 2606 456 2680 quia
478 2605 551 2678 sibi,
568 2607 704 2662 Frusium
726 2605 783 2660 Ro·

229 2713 306 2752 mam
319 2695 467 2764 evocanti,
482 2692 642 2762 obstiterit,
655 2691 719 2762 4983
733 2710 783 2748 cu·

229 2783 274 2858 pit
290 2791 323 2840 ut
346 2783 467 2838 Lainius
488 2781 624 2838 Genuam
649 2789 783 2851 vocetur,

226 2877 270 2932 ita
283 2883 381 2930 tamen
396 2881 428 2930 nt
442 2870 507 2944 ejus
520 2870 664 2944 profectio
682 2870 784 2942 negari

227 2963 332 3038 possit,
348 2975 410 3033 5513
426 2963 456 3017 in
468 2961 593 3032 gratiam
607 2959 703 3015 Lainii
724 2959 783 3014 col-

226 3053 337 3126 legium
361 3050 519 3107 Societatis
543 3049 697 3107 Almazani
720 3049 784 3104 vult

224 3141 365 3208 condere,
389 3139 454 3212 6393
481 3139 645 3194 Laudinum
670 3144 701 3193 et
722 3135 785 3194 Go·'

227 3249 301 3304 mes,
315 3232 346 3286 in
359 3229 510 3286 Corsicam
528 3245 546 3282 a
565 3226 702 3299 pontifice
716 3225 784 3281 mis·

227 3337 287 3390 sos,
301 3319 386 3376 docet
401 3317 438 3372 de
453 3315 501 3385 iis,
514 3331 590 3388 quae
613 3313 783 3370 missionem

227 3409 367 3481 adjuvare
381 3413 530 3479 poterunt,
546 3419 656 3477 eosque
665 3401 783 3476 optimis

223 3495 359 3562 ¹consiliis
370 3495 624 3564 imbuit,415·422;
637 3490 740 3546 annuit
751 3497 784 3545 nt

226 3585 351 3642 Genuae
364 3576 507 3653 laniisper
520 3579 696 3658 consistant,
719 3576 782 3647 518;

228 3674 385 3746 Lanojum,
410 3691 428 3726 a
454 3669 542 3725 sociis
570 3667 783 3724 viennensibus

228 3761 425 3837 praepositum
444 3758 503 3815 sibi
526 3759 663 3828 electum,
681 3755 784 3812 confir-

228 3861 289 3910 mat
299 3862 329 3910 et
342 3860 434 3920 creat,
448 3848 512 3923 3913
526 3847 670 3903 Mironem
681 3847 785 3901 Portu·

225 3941 335 4015 galliae
346 3938 555 4013 provincialem
568 3933 782 4005 renuntiat,48;

229 4030 323 4096 illum,
342 4027 372 4084 in
392 4024 549 4082 scribendo
568 4021 781 4094 negligentem,

228 4116 429 4192 reprehendit,
448 4113 512 4186 3663
526 4109 654 4183 injungit
676 4111 785 4166 0100]-

227 4209 380 4266 lateralem
402 4211 532 4259 assumat
554 4218 592 4256 ex
614 4199 661 4266 iis,
675 4197 725 4271 qui
747 4198 785 4253 ad

207 4353 210 4360 ,
229 4295 441 4370 professionem
455 4288 619 4346 faciendam
631 4304 725 4360 nuper
735 4286 784 4342 de·

228 4386 338 4457 signati
360 4391 438 4454 sunt,
458 4379 521 4450 443;
541 4378 644 4434 annuit
666 4385 698 4432 ut
720 4377 785 4432 bul·

229 4477 257 4530 la
269 4471 428 4530 Societatis
442 4480 473 4526 et
486 4467 634 4524 Exercitia
648 4465 782 4538 spiritua·

206 4565 270 4620 -lia
289 4563 369 4636 typis
390 4559 573 4628 mandentur,
588 4555 641 4612 sed
658 4553 783 4610 retentis

205 4694 212 4704 .
225 4653 266 4710 ad
275 4661 442 4709 nostrorum
449 4646 782 4704 usumomnibusexem·

871 650 1016 722 plaribus,
1034 649 1100 722 4653
1119 649 1216 707 eidem
1234 651 1378 724 praecipit
1395 657 1428 706 ut

857 738 1044 804 ‚Lusitaniae
1070 755 1156 809 reges
1182 738 1288 794 doceat
1311 739 1428 794 sodales

873 845 933 884 non
946 827 1122 884 obedientes
1139 829 1170 883 in
1192 827 1343 883 Societate
1360 829 1429 889 reti·

871 917 986 974 nendos
1011 933 1070 974 non
1086 935 1165 984 esse,
1185 916 1314 990 561·563;
1333 919 1387 973 hos
1411 935 1429 974 e

872 1007 982 1064 nostris
994 1007 1116 1063 sedibus
1129 1006 1239 1079 expelli
1250 1006 1349 1078 jubet,
1366 1015 1427 1080 aut,

873 1096 899 1154 si
923 1113 993 1168 spes
1023 1093 1167 1165 affulgeat
1203 1095 1429 1166 emendationis,

872 1187 996 1243 Romam
1022 1202 1117 1258 usque
1143 1184 1273 1252 mittere,
1298 1185 1428 1258 561·5633

872 1275 1026 1345 Mironem‚
1045 1280 1234 1329 recusantem
1251 1290 1322 1346 prae
1338 1275 1430 1331 animi

871 1361 1052 1417 demissione
1076 1360 1296 1417 consessiones
1341 1363 1431 1433 Joan·
1459 1372 1462 1381 ’

872 1449 919 1506 nis
932 1451 974 1505 111
987 1450 1137 1523 excipere,
1151 1449 1273 1523 corripit
1287 1459 1318 1506 et
1331 1450 1430 1521 docet,

872 1551 936 1609 549,
950 1538 1014 1608 6253
1030 1539 1248 1594 mutinensibus
1270 1539 1359 1595 sociis
1379 1537 1431 1594 dat

873 1627 1021 1695 mandata,
1039 1624 1103 1698 4133
1126 1629 1233 1700 probat
1254 1627 1390 1684 Natalem
1413 1646 1430 1683 e

873 1716 974 1772 Sicilia
986 1716 1162 1772 Tridentum
1171 1715 1308 1772 advocari
1319 1727 1351 1773 ut
1366 1718 1431 1773 Lai·

873 1805 923 1862 nio
940 1805 1106 1876 aegrotanti
1124 1821 1210 1877 opem
1227 1806 1312 1877 ierat,
1325 1805 1371 1875 3o;
1386 1823 1430 1862 so·

872 1894 929 1950 ciis
942 1894 1098 1966 Neapolim
1111 1894 1283 1966 petentibus
1298 1896 1335 1950 ad
1350 1897 1431 1954 inau-

872 1982 1039 2054 gurandum
1075 1981 1233 2039 Societatis
1269 1985 1430 2056 collegium

873 2071 924 2128 dat
948 2071 1095 2142 mandata,
1118 2087 1163 2142 99,
1189 2085 1256 2142 104,
1281 2085 1342 2146 109,
1367 2088 1430 2145 159;

873 2158 1011 2216 admonet
1024 2177 1062 2216 ne
1075 2159 1159 2216 cives
1171 2160 1313 2218 inducant
1326 2163 1363 2218 ad
1385 2180 1431 2218 so

872 2250 970 2306 dalem
983 2249 1111 2324 aliquem
1121 2249 1431 2325 deposcendum,quin

873 2338 955 2411 prius
979 2337 1125 2410 ignatium
1154 2339 1429 2413 commonefaciant,

873 2425 937 2499 3²⁶3
951 2425 1146 2498 neapolitanis
1159 2426 1247 2483 sociis
1266 2427 1432 2484 emendica-

872 2533 904 2570 re
918 2513 1073 2587 permittir,
1092 2513 1157 2587 ³393
1178 2513 1286 2572 Olavio
1303 2518 1431 2587 gratula-

873 2609 921 2658 tur
932 2602 971 2657 de
983 2619 1037 2658 sua
1050 2603 1088 2658 ad
1102 2603 1285 2660 Societatem
1302 2605 1432 2660 vocatio·

874 2707 922 2757 ne,
936 2689 1001 2761 314,
1020 2689 1084 2763 3153
1101 2691 1189 2762 jubet
1210 2689 1359 2750 Oviedum
1380 2693 1430 2748 do

873 2778 998 2834 utrinam
1020 2779 1209 2835 christianam
1230 2779 1269 2836 ad
1290 2783 1431 2853 placitum

873 2865 978 2923 vicarii
991 2868 1170 2940 neapolitani
1192 2869 1353 2942 explicare,
1365 2869 1430 2942 3383

874 2975 934 3012 non
946 2960 1052 3029 probat
1065 2967 1098 3013 ut
1120 2957 1255 3016 Oviedus
1273 2976 1392 3032 prorsus
1414 2979 1431 3016 a

873 3044 945 3100 vino
974 3045 1132 3114 abstineat,
1163 3047 1232 3112 6223
1264 3047 1368 3103 annuit
1398 3057 1432 3104 ut

873 3136 1004 3206 Joannes
1023 3135 1201 3191 Laurentius
1225 3135 1263 3191 de
1285 3137 1431 3193 Patarinis

873 3223 1011 3278 sacerdos
1032 3222 1095 3293 fiat,
1118 3224 1181 3293 5963
1207 3224 1347 3280 Perusiae
1371 3226 1432 3280 col·

873 3309 986 3380 legium
1015 3311 1219 3382 auspicaturos
1245 3311 1431 3367 documentis

874 3398 994 3470 optimis
1007 3397 1154 3468 informat,
1174 3397 1238 3466 3013
1258 3399 1295 3454 ad
1313 3400 1432 3471 publica

852 3559 859 3571 ¹
873 3487 1004 3542 civitatis
1017 3488 1128 3558 templa
1139 3485 1227 3557 jubet
1244 3503 1297 3542 eos
1309 3485 1432 3542 accede·

874 3594 917 3642 re,
925 3592 993 3632 curn
1005 3574 1121 3648 proprio
1130 3574 1289 3631 Societatis
1299 3583 1429 3648 careant,

873 3663 938 3737 3273
956 3663 1064 3720 Rbetio
1081 3663 1225 3737 praecipit
1247 3681 1285 3718 ne
1303 3664 1432 3736 collegio

873 3770 1047 3810 coronarum
1060 3751 1291 3808 administrando
1308 3771 1376 3808 sese
1389 3754 1431 3810 in·

874 3842 972 3915 tricet,
982 3841 1046 3914 6823
1058 3840 1147 3896 fratre
1159 3842 1290 3898 Antonio
1299 3842 1376 3899 Rion
1386 3843 1430 3900 uti

874 3932 951 3988 solet
975 3929 1012 3985 ad
1036 3930 1296 4002 reprehendendos
1317 3948 1432 3987 aocum·

873 4022 981 4076 bentes
1005 4018 1043 4074 ad
1068 4033 1209 4086 mensam,
1238 4031 1282 4088 15,
1310 4018 1432 4078 Roderi·

874 4109 954 4165 cium
977 4125 1068 4164 onere
1089 4107 1238 4179 regendae
1259 4109 1432 4165 Lusitaniae

875 4196 1044 4269 provinciae
1075 4195 1200 4251 liberare
1232 4197 1353 4267 statuit,
1384 4213 1432 4268 49,
1480 4251 1485 4264 ,

874 4300 940 4356 209,
958 4297 1021 4352 2103
1036 4283 1205 4354 Aragoniae
1222 4283 1365 4356 praeficit,
1385 4284 1431 4353 53;

874 4388 942 4428 curn
956 4373 1091 4427 morbum
1104 4370 1277 4426 Rodericius
1297 4389 1432 4427 causare·

874 4472 933 4532 tur,
947 4460 1081 4532 Ignatius
1102 4459 1206 4515 annuit
1228 4468 1262 4516 ut
1284 4460 1315 4523 in
1328 4461 1432 4516 Portu·

873 4551 993 4622 galliam
1007 4568 1045 4605 ex
1057 4549 1202 4620 Hispania
1218 4549 1332 4620 redeat,
1350 4549 1432 4606 omni

874 4639 1099 4708 gubernationis
1120 4655 1191 4697 cura
1212 4641 1345 4710 solutus,
1367 4638 1432 4709 5373
