3634 5417
801 503 1011 560 Honorinum
1030 502 1211 559 tonorum

962 713 1055 793 28¹5

567 854 956 925 MARCHIONISSAE
979 852 1041 919 DE
1063 853 1210 921 DENIA
1233 852 1294 920 ET
1321 853 1442 922 ALIIS

799 999 889 1043 noun
902 1000 938 1055 24
951 998 1090 1043 nucusrr
1105 998 1174 1057 1552
1190 988 1209 1042 ¹.

601 1111 694 1167 Vivae
706 1112 787 1166 nocis
799 1111 959 1166 oraculum
969 1115 1029 1182 pro
1039 1109 1263 1165 commutandis
1268 1108 1412 1180 jejuniis.

453 1234 609 1322 [gnatius
625 1237 670 1305 de
686 1236 827 1322 Loyola‚
845 1234 1030 1303 Societatis
1044 1236 1128 1322 Jesu
1144 1233 1360 1321 praepositus
1375 1234 1560 1321 generalis.

453 1351 624 1418 Omnibus
640 1351 722 1439 Xpi.
745 1350 917 1429 fidelibus,
936 1360 1134 1437 praesentes
1155 1348 1270 1417 literas
1290 1348 1508 1436 inspecturis,
1526 1351 1621 1418 satu-

387 1475 456 1532 tem
474 1464 510 1531 in
526 1464 678 1533 Domino
692 1466 947 1551 sempiternam.

452 1582 542 1649 Cum
559 1582 704 1651 SSmus.
722 1580 882 1648 dominus
902 1592 1032 1662 noster,
1050 1580 1209 1647 dominus
1225 1580 1350 1669 Julius,
1368 1579 1487 1648 diuina
1503 1582 1621 1667 proui-

383 1696 500 1765 dentia
516 1718 603 1783 papa
621 1697 677 1777 111,
696 1696 797 1764 viuae
813 1694 908 1763 vocis
929 1696 1067 1763 oraculo
1087 1696 1204 1763 Illmis.
1228 1696 1386 1764 dominae
1408 1696 1617 1765 marchioni-

383 1832 443 1880 sae
460 1814 503 1879 de
520 1810 631 1879 Denia
652 1812 678 1893 ⁸,
697 1822 732 1880 et
753 1811 913 1879 dominae
933 1811 1093 1879 Teresiae
1109 1812 1134 1892 ³,
1157 1810 1232 1879 eius
1259 1812 1379 1894 sorori,
1397 1824 1433 1879 et
1458 1812 1619 1883 dominae

257 1950 264 1961 ·
383 1926 560 1995 comitisae
576 1928 620 1993 de
637 1929 799 2007 Paredes,
823 1926 899 1995 eius
919 1926 1009 1995 filiae
1032 1927 1087 2009 ⁸⁴,
1111 1926 1212 1993 simul
1234 1948 1313 1994 cum
1329 1930 1373 1995 D·
1392 1926 1553 1995 Gutterio
1573 1930 1619 1998 de

384 2044 560 2111 Cardenas
576 2044 589 2079 ³
602 2042 801 2111 facultatem
818 2042 1052 2110 commutandi
1067 2041 1233 2109 ieiunium
1249 2042 1286 2109 in
1302 2042 1426 2111 diebus
1442 2044 1486 2111 ab
1506 2044 1618 2113 eccle·

383 2157 434 2225 sia
456 2158 650 2245 praeceptis
670 2158 705 2224 in
727 2156 961 2239 elemosinam,
987 2159 1110 2225 saitem
1137 2159 1285 2225 duorum
1310 2159 1490 2245 regalium,
1512 2160 1618 2229 hodie

382 2273 492 2356 nobis,
511 2274 686 2341 humiliter
701 2273 986 2361 supplicantibus
1005 2274 1225 2357 concesserit,
1243 2274 1354 2341 visum
1371 2286 1424 2342 est
1436 2274 1618 2343 huiusmo-

380 2389 416 2455 di
430 2388 663 2457 concessionis
679 2412 739 2476 per
755 2392 817 2457 has
833 2388 959 2470 literas,
977 2411 1081 2457 manu
1098 2403 1216 2457 nostra
1236 2402 1271 2457 et
1298 2389 1481 2459 Societatis
1501 2390 1617 2478 sigillo

383 2504 597 2591 obsignatas²
615 2506 718 2574 fidem
736 2506 858 2573 facere.

448 2622 579 2690 Romae
594 2642 687 2687 nono
703 2622 863 2689 calendas
880 2620 1093 2707 Septembris
1113 2636 1209 2705 1552.

447 2737 491 2803 In
507 2738 685 2824 margine.
700 2736 791 2805 Uiue
809 2735 903 2803 uocis
919 2736 1096 2804 oraculum
1112 2758 1174 2822 pro
1195 2738 1447 2807 commutandis
1463 2737 1613 2807 ieiuniis.

433 2973 447 3002 a
482 2957 543 3013 filia
555 2976 611 3018 ms.

433 3164 443 3196 ¹
480 3163 525 3217 Ex
537 3161 640 3219 codice
652 3163 774 3219 Decret.
791 3168 821 3220 et
834 3161 945 3234 ἐπείη,
959 3165 1009 3225 fol.
1023 3164 1084 3238 371.

431 3256 443 3286 ¹
480 3251 659 3307 Cuthnrinee
671 3250 709 3307 de
722 3252 838 3324 Zunign
851 3262 882 3309 et
895 3255 1090 3330 Avellaneda,
1104 3259 1188 3317 uxori
1202 3259 1345 3317 Ludovici
1357 3260 1394 3317 de
1412 3261 1559 3321 Sandoval
1581 3278 1612 3321 et

379 3340 480 3412 Rojas,
495 3339 672 3396 marchionis
684 3339 724 3396 111
737 3340 846 3397 Diauii.
858 3340 965 3399 Lonrz
979 3357 1021 3399 mr
1036 3346 1140 3414 HARO,
1155 3348 1339 3421 Nobiliorio,
1355 3350 1378 3423 Ι,
1393 3350 1456 3421 446.

430 3432 442 3462 ³
478 3430 619 3485 Teresiee
631 3428 669 3485 de
682 3428 797 3500 Zonign
817 3438 849 3487 et
861 3432 1055 3490 Avellaneda.

431 3521 443 3553 ⁴
480 3518 655 3573 Franciscee
668 3516 707 3572 de
720 3516 869 3575 Sandone!
889 3528 921 3575 et
938 3522 1038 3595 Rojas¹
1057 3524 1141 3581 uxori
1159 3525 1283 3583 Antonii
1301 3528 1455 3601 Maurique
1470 3526 1508 3585 de
1527 3528 1608 3599 Lura,

378 3606 496 3663 comitis
509 3607 536 3661 V
549 3605 586 3661 de
599 3605 741 3676 Paredes.
760 3606 866 3663 Lornz
881 3620 924 3663 nn
938 3610 1043 3681 Hono,
1057 3612 1241 3679 Nobiliorio,
1255 3614 1278 3685 1,
1296 3616 1356 3685 165.

429 3697 442 3730 ⁸
479 3695 563 3749 ‹rDon
576 3694 716 3749 Gutierre
734 3694 772 3749 de
789 3694 952 3767 Ctrdenas,
970 3699 1030 3770 hiJ'o
1048 3702 1184 3771 segundo
1201 3702 1239 3757 de
1251 3703 1309 3759 don
1334 3702 1490 3760 Francisco
1503 3702 1541 3761 de
1553 3708 1608 3761 Zu-

376 3784 446 3855 niga
459 3801 479 3855 y
490 3781 683 3852 Auellanedo,
699 3792 813 3839 tercero
826 3784 928 3841 Conde
941 3785 979 3842 de
990 3788 1132 3860 Miranda‚
1145 3808 1166 3863 y
1179 3790 1217 3847 de
1230 3792 1257 3847 la
1271 3790 1408 3848 Condese
1425 3790 1503 3848 dona
1520 3794 1608 3851 Maria

376 3873 548 3945 Henriquez
566 3871 604 3926 de
617 3870 767 3927 OErdenes
786 3888 821 3928 su
835 3890 968 3944 muger.»
987 3876 1094 3933 Lonnz
1112 3891 1155 3933 mr
1175 3880 1481 3948 renuntiantium,
1502 3882 1526 3949 1,
1543 3883 1604 3953 448.

376 3961 467 4018 Porro
484 3961 546 4032 hic,
568 3958 618 4032 qui
634 3960 810 4017 Catharinae
827 3972 858 4016 et
874 3964 1016 4021 Teresiae
1033 3964 1123 4023 frater
1142 3977 1215 4040 eret,
1234 3984 1399 4041 cognomen
1417 3972 1455 4027 nb
1472 3987 1529 4026 avo
1551 3990 1607 4027 me-

376 4061 461 4107 terno
471 4049 609 4107 Gutterio
621 4048 659 4103 de
672 4048 833 4119 Cardenus,
846 4050 949 4109 ducel
968 4056 1140 4129 Mequedee,
1158 4059 1282 4131 accepit.
1298 4059 1345 4118 Cf.
1365 4060 1462 4133 Epist.
1482 4050 1603 4128 Mutae,

375 4140 414 4209 11,
426 4141 491 4208 650.
