3634 5417
388 460 444 527 670
770 458 979 515 aroannam
997 460 1177 516 lanariam
1252 502 1256 509 .

423 609 482 679 1¹⁵.
532 613 659 679 Mucha
675 612 893 679 consolacibn
912 612 1033 693 meda,
1052 615 1235 680 hermanos
1256 612 1474 679 charissimis
1488 634 1533 679 en
1551 612 1585 678 el

353 737 457 795 scitor
472 738 613 795 nuestro
628 728 712 815 Jesu
730 726 882 807 Christo,
905 730 1072 794 entender
1092 726 1144 794 los
1164 728 1264 794 uiuos
1283 728 1406 796 deseos
1425 750 1449 812 y
1469 728 1588 795 effica-

353 862 424 921 ces,
443 863 512 929 que
531 844 575 911 de
598 852 737 911 vuestra
760 842 947 929 perlectibn
963 866 986 929 y
1002 864 1043 910 su
1063 844 1183 911 diuino
1205 844 1353 910 seruicio
1372 866 1397 929 y
1417 843 1529 930 gloria
1545 864 1590 909 os

353 960 398 1025 da
413 958 445 1025 el
460 980 529 1043 que
550 982 613 1045 por
633 981 673 1025 su
695 958 929 1027 misericordia
948 980 987 1027 os
1007 961 1145 1026 llamda
1164 973 1238 1027 este
1261 960 1431 1032 instituto.
1448 982 1472 1044 5
1491 978 1538 1025 en
1553 958 1590 1024 el

357 1096 396 1141 os
412 1095 580 1143 conserua
596 1096 618 1159 y
638 1076 806 1157 enderepa
832 1076 864 1141 al
892 1074 1188 1153 bienauenturado
1203 1078 1289 1141 finti
1314 1076 1428 1141 donde
1448 1074 1590 1160 allegari

354 1212 414 1257 sus
426 1190 620 1276 escogidos.

420 1326 440 1373 2
458 1308 522 1395 (29)
540 1317 553 1349 ⁶
598 1308 629 1374 Y
645 1328 781 1393 aurique
797 1328 842 1375 en
859 1308 957 1373 todas
971 1306 1125 1375 virtudes
1140 1330 1164 1392 y
1178 1306 1314 1392 gracias
1334 1306 1530 1391 spirituales
1545 1326 1588 1371 os

356 1424 460 1490 desen
476 1424 556 1489 toda
571 1422 770 1508 perfectiori,
788 1443 827 1488 es
847 1424 978 1489 uerdad
992 1424 1102 1509 (como
1117 1422 1231 1489 abreis
1248 1424 1355 1491 demi
1376 1423 1468 1507 ordo
1489 1432 1589 1487 otras

407 1648 423 1689 b
459 1645 497 1700 In
510 1662 565 1703 ms.
583 1644 780 1719 paragraphi
793 1647 929 1700 numeris
941 1662 1002 1700 nan
1015 1646 1259 1719 distinguuntur.
1296 1676 1321 1687 ·
1331 1660 1345 1689 τ
1365 1646 1401 1700 ld
1418 1650 1471 1711 est,
1487 1650 1587 1716 para·

349 1735 471 1807 grapho
489 1747 505 1787 2
518 1736 675 1807 respondet
688 1736 908 1807 paragraphus
921 1747 957 1804 29
968 1735 1111 1806 epistotae
1123 1748 1186 1805 2953
1199 1740 1228 1791 rt
1239 1735 1385 1790 similiter
1397 1734 1538 1807 intellige
1549 1736 1590 1788 de

354 1822 541 1893 sequentibus
550 1825 772 1899 paragraphis,
785 1825 903 1895 duplici
919 1840 1045 1879 numero
1057 1826 1218 1879 distinctis.

355 2012 471 2083 propria
484 2029 571 2067 manu
585 1999 703 2083 scripsit
716 2012 747 2069 S.
763 2010 908 2066 indiarum
925 2012 1096 2081 Apostolus,
1114 2029 1171 2066 una
1192 2028 1261 2066 cum
1274 2020 1386 2082 tapete,
1404 2028 1482 2082 quae
1494 2010 1586 2082 pluri·

354 2102 411 2155 bus
423 2100 508 2156 annis
521 2116 607 2172 supra
621 2116 735 2156 sacrum
749 2100 881 2155 eiusdem
903 2118 1010 2172 corpus
1022 2101 1157 2173 deposita
1174 2101 1275 2171 iacuit,
1291 2099 1406 2172 fuitque
1423 2100 1533 2155 donum
1547 2116 1588 2155 ex

355 2188 446 2245 lndiis
460 2188 666 2245 serenissimae
679 2190 799 2259 reginae
813 2189 958 2244 isabellae
965 2190 1143 2245 borbonicae
1154 2192 1346 2257 submissum,
1358 2204 1374 2243 a
1384 2206 1444 2261 qua
1456 2198 1589 2260 postmo-

355 2278 424 2334 dum
438 2277 560 2333 devenit
577 2278 614 2333 ad
633 2278 784 2333 Excmam.
807 2278 956 2333 dominam
976 2280 1157 2334 comitissam
1170 2278 1209 2333 de
1231 2279 1358 2348 Sirnela,
1379 2295 1456 2350 quae
1477 2278 1590 2332 sacello

350 2367 469 2423 demum
483 2366 556 2423 illud
568 2368 782 2423 consecravit.»
798 2368 935 2423 Exnncta
947 2366 1098 2423 Societate
1111 2369 1196 2439 Jesu,
1210 2366 1241 2423 in
1255 2368 1409 2422 archivum
1423 2367 1525 2438 regiae
1539 2383 1590 2422 sn·

349 2456 479 2513 dalitatis
490 2456 520 2511 S.
533 2456 652 2528 Ignatii,
664 2457 774 2513 Matriti
786 2456 952 2527 institutae,
964 2458 1105 2513 translata
1114 2458 1181 2523 fuit,
1193 2458 1295 2529 ibique
1304 2459 1479 2512 servabatur
1487 2455 1538 2511 die
1550 2454 1592 2509 26

352 2546 462 2617 Aprilis
475 2545 543 2601 anni
560 2546 639 2617 1817,
654 2554 686 2601 ut
698 2554 815 2601 constat
828 2562 865 2601 ex
880 2544 1101 2613 testificatione,
1113 2546 1285 2601 immediate
1298 2556 1365 2617 post
1382 2544 1585 2617 transcriptio-

353 2650 421 2689 nem
439 2634 582 2705 epistolae
599 2634 733 2707 apposita
753 2652 771 2689 a
792 2633 952 2691 secretario
973 2635 1053 2689 illins
1071 2632 1310 2705 congregationis
1332 2635 1448 2705 Joanne
1466 2634 1585 2704 lgmtio

352 2722 549 2779 Berrinzabal.
567 2722 630 2779 Hoc
649 2733 864 2795 transumptum
886 2740 954 2779 cum
974 2722 1123 2796 praedicta
1145 2723 1336 2779 attestatione
1357 2732 1493 2779 servatur
1509 2723 1591 2779 inter

353 2828 424 2867 mss.
439 2811 534 2867 Patris
549 2812 652 2884 Puyal,
666 2813 716 2885 qui
726 2812 845 2884 quidem
856 2811 962 2868 asserit
972 2812 1098 2885 primum
1107 2812 1252 2882 epistolae
1264 2811 1367 2867 folium
1377 2812 1438 2883 jam
1448 2829 1503 2867 suo
1513 2820 1590 2866 tem·

352 2916 422 2973 pore
443 2900 614 2985 desiderari.
629 2902 704 2958 Cum
717 2902 846 2957 editores
860 2903 958 2974 operis
980 2902 1091 2957 Cartas
1108 2904 1145 2957 de
1164 2904 1194 2961 S.
1214 2902 1343 2974 [grincio
1364 2919 1430 2957 eam
1444 2902 1475 2957 in
1490 2904 1589 2957 lucem

352 2986 509 3058 dederunt,
520 2998 582 3046 erat
596 3008 687 3063 penes
702 2990 834 3045 axem
852 2992 945 3049 stiram
966 2990 1110 3046 Aloisiam
1127 2990 1278 3045 Gonzalez
1295 2990 1333 3046 de
1351 2990 1522 3058 Ecbeuarri,
1542 2990 1590 3045 vi·

353 3078 441 3135 duam
456 3080 561 3134 Eueni
573 3079 642 3137 Dni.
655 3080 787 3150 Joachim
801 3078 838 3134 de
852 3081 992 3135 Barroeta
1009 3080 1160 3149 Aldtmar,
1173 3080 1243 3135 olim
1260 3080 1446 3151 supradictae
1464 3096 1589 3150 cougre-

353 3167 482 3243 gationis
500 3169 654 3240 praetecti:
678 3171 783 3225 horum
804 3168 879 3237 filia,
903 3170 980 3225 Dua.
1003 3170 1195 3225 Emmanuela
1216 3168 1255 3224 de
1276 3170 1418 3225 Barroeta
1436 3168 1588 3235 Aldtmar,

354 3274 462 3329 magno
474 3267 505 3311 et
518 3257 632 3313 liberali
651 3275 750 3313 amore
771 3274 842 3329 erga
862 3258 1042 3315 Societatem
1056 3268 1146 3316 mota.
1167 3275 1233 3313 eam
1251 3257 1421 3331 provinciae
1440 3260 1590 3313 toletanae

355 3348 423 3403 Soc.
438 3348 511 3418 Jesn
524 3348 680 3418 postremis
693 3348 774 3403 hisce
790 3348 973 3421 temporibus
984 3347 1062 3405 duno
1073 3347 1167 3404 dedit.

403 3436 479 3507 Jam,
493 3438 565 3491 haec
579 3435 702 3507 epistola
716 3436 811 3507 ipsum
825 3436 969 3507 originale
985 3440 1136 3509 exemplar
1149 3437 1266 3493 videtur
1278 3453 1347 3492 esse
1359 3454 1377 3491 a
1389 3436 1455 3491 Sto.
1473 3435 1589 3506 lgnntm

355 3526 385 3581 in
399 3524 580 3580 Lusitaniam
594 3526 726 3598 missum3
741 3527 853 3582 etenim
871 3543 930 3581 non
946 3535 1063 3582 constat
1077 3526 1158 3581 aliud
1173 3528 1366 3598 archetypum
1385 3528 1433 3581 vel
1451 3536 1588 3596 autogra-

354 3614 444 3685 phum
457 3611 569 3669 directe
583 3632 620 3669 ex
634 3616 717 3671 Urbe
730 3615 760 3670 in
774 3614 947 3687 Hispaniam
960 3615 1061 3670 datum
1074 3614 1178 3685 tuisse,
1189 3632 1276 3670 secus
1289 3614 1377 3669 Pater
1389 3613 1588 3671 Ribadeneira

355 3703 547 3775 archetypum
561 3704 720 3761 lusitanum
733 3722 792 3759 non
811 3704 949 3776 petiisset
959 3704 1089 3777 illudque
1099 3722 1153 3776 per
1164 3707 1286 3775 longum
1296 3713 1414 3775 tempus
1424 3713 1586 3771 servasset,

354 3791 433 3865 quud
446 3790 570 3847 evidens
583 3802 704 3864 apparet
716 3809 754 3848 ex
767 3793 824 3861 his,
837 3810 913 3865 quae
926 3794 959 3849 P.
973 3792 1121 3858 Antonius
1135 3794 1209 3862 Vaz,
1219 3793 1318 3849 socius
1331 3792 1398 3849 Rdi.
1413 3792 1509 3849 Patris
1521 3808 1583 3862 pro

355 3880 491 3937 vincialis
505 3882 648 3937 lusitanae
667 3882 845 3954 provinciae,
859 3882 897 3937 ad
910 3899 964 3937 nos
977 3882 1105 3953 scripsit.
1125 3882 1178 3937 Ait
1190 3882 1281 3953 enim,
1299 3882 1446 3954 loquendo
1462 3881 1502 3936 de
1517 3898 1586 3936 con·

354 3971 527 4041 gregatione
541 3970 712 4043 provinciali
725 3971 893 4042 provinciae
905 3971 1073 4041 lusitaniae,
1083 3970 1132 4026 die
1147 3983 1178 4039 15
1190 3970 1301 4042 Aprilis
1314 3971 1384 4027 anni
1396 3970 1464 4040 1587
1472 3979 1583 4025 coacta:

340 4058 413 4115 bie
425 4072 461 4127 24
475 4059 584 4132 Aprilis
598 4058 779 4132 propositum
793 4060 849 4115 fuit
866 4076 994 4133 sequens
1012 4060 1201 4132 postulatum:
1225 4059 1421 4131 «Quaesitum
1442 4060 1515 4113 item
1529 4057 1586 4113 luit

356 4145 556 4219 petendumne
569 4156 649 4203 esset
662 4148 725 4204 aR.
739 4148 772 4207 P.
788 4148 939 4220 Generali,
952 4156 986 4203 ut
997 4147 1261 4220 scriptaquaedam
1269 4147 1308 4203 de
1322 4150 1412 4204 rebus
1421 4146 1509 4219 hujus
1518 4147 1586 4201 Pro

356 4236 482 4308 vinciae,
496 4246 527 4291 et
539 4236 660 4293 interea
673 4239 857 4310 potissimum
871 4238 1014 4310 originale
1027 4238 1171 4311 epistolae
1188 4236 1397 4310 Obedientiae,
1416 4254 1505 4310 quarn
1521 4254 1587 4292 san·

355 4332 421 4381 ctae
435 4326 592 4381 memoriae
605 4326 636 4383 Ρ.
651 4328 784 4399 ignatius
797 4327 833 4383 ad
846 4330 921 4385 hanc
934 4327 1118 4383 Provinciam
1137 4327 1231 4396 misit,
1243 4342 1379 4399 quaeque
1391 4326 1586 4382 sibicommo·

355 4414 423 4469 data
434 4414 494 4486 jam
507 4414 558 4471 diu
571 4416 604 4475 P.
621 4416 827 4488 Ribadeneyra
840 4432 933 4488 penes
945 4433 979 4471 se
991 4417 1090 4483 babet,
1106 4426 1137 4470 et
1149 4415 1269 4489 quibus,
1281 4414 1419 4471 contecto
1432 4414 1494 4507 jam
1512 4414 1588 4473 libro

355 4502 392 4559 de
407 4504 468 4561 vita
483 4506 514 4560 Ρ.
529 4506 649 4577 Ignatii,
664 4504 782 4561 minime
795 4514 876 4575 eget,
890 4504 976 4561 nobis
993 4504 1110 4561 restitui
1124 4504 1244 4563 laceret.
1260 4504 1364 4559 Visum
1377 4512 1424 4559 est
1442 4504 1497 4559 toti
1510 4504 1590 4559 Con·

355 4594 532 4665 gregationi,
547 4596 664 4651 nemine
685 4594 881 4667 discrepante,
906 4594 936 4649 id
955 4611 973 4649 a
991 4594 1023 4652 S.
1044 4594 1225 4649 Paternitate
1247 4595 1357 4649 obnixe
1379 4592 1590 4666 postulandum

356 4698 434 4753 esse;
438 4724 492 4743 .....
497 4684 712 4756 »Responsum
728 4682 792 4739 tuit:
808 4683 873 4739 aAd
885 4696 913 4753 7.
929 4684 1054 4739 Videtur
1066 4699 1160 4757 sequa
1177 4684 1348 4756 postulatio,
1362 4682 1489 4755 ideoque
1509 4698 1592 4739 man·
