3634 5417
407 504 463 576 350
789 505 998 563 Monuuesrn
1018 505 1198 562 lausanae
1247 483 1250 490 ⁵
1305 563 1307 570 ,

371 681 441 744 que
457 671 609 747 tempore
624 659 756 744 aliquos
771 656 989 745 germanicae
1005 657 1153 726 nationis
1167 669 1202 726 et
1218 659 1358 746 linguae
1373 657 1520 726 iuuenes
1538 660 1611 724 Ro-

374 797 465 841 mam
481 775 673 856 mitteretis,
691 787 731 842 ut
746 797 807 860 per
823 785 935 841 totum
950 795 1103 842 mensem
1125 775 1287 844 Octobris
1308 775 1349 862 (si
1369 773 1443 843 fieri
1467 775 1606 861 potest),

372 892 545 959 uelcerte
564 891 782 975 Nouembris,
806 891 877 956 hue
898 890 1112 976 perueniant.
1137 891 1211 958 Nos
1233 891 1360 976 itaque,
1382 911 1470 976 quos
1490 889 1608 956 debito

369 1007 562 1073 animarum
579 1008 652 1074 zelo
667 1011 732 1074 hoc
747 1007 862 1076 oneris
873 1006 1096 1076 libentissime
1107 1006 1223 1076 subire
1235 1008 1426 1094 oportebat,
1441 1006 1606 1079 tibiserio

371 1121 585 1209 iniungimus
597 1134 636 1188 ut
650 1119 738 1212 [earn
754 1123 966 1210 diligentiam
982 1134 1017 1191 et
1033 1121 1185 1193 studium
1201 1123 1237 1189 in
1254 1121 1457 1208 quaerendis
1474 1137 1510 1190 et
1526 1121 1600 1188 mit-

371 1237 495 1330 tendis]
511 1215 695 1305 iuuenibus
709 1239 884 1320 adhibeas,
902 1260 1006 1324 quam
1022 1237 1056 1305 in
1074 1259 1110 1306 re
1126 1238 1264 1306 maximi
1280 1235 1454 1328 mulmenti
1471 1238 1514 1304 ad
1540 1237 1604 1305 Dei

368 1353 529 1446 gloriam]
545 1365 579 1423 et
594 1355 825 1442 proximorum
840 1355 986 1424 salutem
1003 1353 1193 1424 adhiberes.
1214 1355 1299 1423 Vale
1316 1353 1350 1420 in
1367 1355 1433 1422 X.⁰
1448 1355 1545 1441 Jesu.

440 1472 549 1538 Roma
566 1470 666 1537 tertio
683 1471 845 1539 calendas
861 1469 1015 1557 Augusti
1036 1485 1119 1554 1552
1135 1483 1161 1537 ¹.

618 1588 768 1654 Vuestro
783 1609 826 1654 en
844 1587 876 1655 el
892 1587 1003 1655 Senor
1019 1597 1172 1666 nuestr0‚

965 1779 969 1786 ,
1256 1705 1422 1772 luunrro.

652 1969 793 2038 PATRI
815 1969 1076 2038 LEONARDO
1100 1971 1323 2039 KESSELIO

797 2115 886 2163 noun
904 2101 941 2159 30
960 2115 1037 2170 Juur
1059 2115 1126 2172 1552
1146 2103 1170 2158 ¹.

761 2219 901 2292 Epistola
913 2220 1053 2291 superior
1066 2221 1209 2276 iteratur.

940 2347 1031 2428 2771

649 2441 789 2547 Perat
813 2476 1074 2547 Leonnaoo
1099 2429 1321 2547 nassutio

794 2627 885 2672 aona
903 2613 936 2669 31
957 2626 1035 2680 Juur
1055 2626 1123 2684 ¹552
1142 2613 1167 2668 ¹.

365 2731 485 2802 Quales
497 2747 557 2786 esse
568 2731 694 2788 debeant
705 2730 759 2801 qui
770 2747 807 2786 ex
822 2729 993 2786 Germania
1006 2730 1136 2786 Romam
1153 2731 1194 2784 act
1211 2730 1372 2804 collegium
1383 2732 1597 2804 gerrrranicum

895 2820 1072 2875 mittantur.

923 2939 1035 3024 Jesvs.

377 3134 388 3142 .
436 3070 583 3138 Domino
601 3072 781 3138 Leonardo
798 3070 919 3138 Kassel
935 3081 961 3136 ⁸.

419 3265 432 3293 e
469 3250 554 3320 Quae
568 3255 731 3320 sequuntur
743 3257 812 3303 sunt
824 3247 1005 3319 autographa
1019 3245 1075 3302 Sti.
1090 3247 1208 3318 Ignatii.
1223 3248 1406 3319 Irr·exempio
1420 3249 1514 3305 Patri
1527 3251 1594 3304 Kes-

362 3340 437 3394 setio
449 3338 547 3404 misso,
564 3338 626 3392 loco
637 3337 837 3407 sequentium,
851 3335 998 3408 leguntur
1010 3337 1092 3392 haec:
1105 3337 1187 3392 Tuus
1202 3337 1230 3391 in
1246 3337 1383 3405 Domino,
1398 3337 1594 3396 isumus.-

365 3429 405 3484 Et
413 3431 575 3500 praeterea
587 3427 659 3482 haec
671 3426 841 3496 inscriptio.
856 3424 1037 3481 Charissirno
1050 3425 1080 3480 in
1093 3427 1146 3480 X.⁰
1160 3425 1240 3480 tratri
1257 3427 1333 3485 Dno.
1354 3426 1507 3484 Leonardo
1525 3429 1593 3482 Kes·

249 3525 255 3533 ’
364 3520 419 3589 sel,
432 3515 578 3572 sacerdoti
592 3515 748 3571 Societatie
762 3516 844 3586 Jesu‚
859 3523 890 3570 et
902 3513 1036 3586 ejusdem
1049 3515 1224 3586 praeposito.
1241 3516 1391 3572 Coloniae.
1407 3515 1443 3575 P.
1459 3515 1593 3573 Mancha-

359 3626 397 3663 ea
416 3605 643 3677 inscriptionem
661 3605 749 3660 addit
766 3605 800 3658 in
819 3605 898 3660 huuc
914 3605 1051 3658 mortum:
1069 3604 1167 3674 Jesus.
1187 3604 1304 3660 Dilecto
1321 3605 1351 3659 ln
1369 3603 1489 3660 Christo
1503 3606 1591 3661 Fratri

363 3697 402 3750 D.
415 3693 539 3752 Claudio
552 3696 628 3768 Jeyo
639 3694 790 3764 Theologo
803 3693 870 3749 Soc.
886 3694 970 3764 Jesu.
985 3693 1118 3748 Viennae
1134 3693 1282 3748 Austriee.

414 3889 429 3915 ι
465 3872 691 3926 Des-iderentur
701 3872 763 3925 tria
770 3871 984 3942 praecedentia
995 3870 1085 3924 verba
1096 3867 1129 3924 in
1142 3871 1276 3940 sequenti
1288 3876 1490 3937 monumento,
1505 3871 1589 3943 quod,

358 3961 517 4016 brevitatis
527 3977 629 4024 causa,
640 3961 675 4014 in
683 3961 872 4031 sequentibus
881 3960 1128 4014 annotationibus
1138 3959 1348 4016 nominabitur
1356 3976 1430 4032 useq.
1442 3977 1590 4016 monum.»

417 4115 425 4148 ¹
464 4115 592 4168 Exstant
608 4113 775 4184 apographa
793 4112 823 4167 in
838 4110 912 4167 Cart.
929 4111 1032 4170 Coton.
1048 4112 1073 4175 I,
1092 4111 1143 4167 iol.
1162 4113 1207 4184 483
1227 4121 1256 4167 et
1274 4112 1304 4167 in
1321 4111 1392 4168 Cod.
1413 4111 1516 4172 Coton.
1536 4113 1587 4176 IV,

363 4201 396 4257 tr.
410 4202 483 4271 264v
496 4210 527 4256 et
540 4202 616 4270 265r.
628 4202 674 4254 De
686 4202 742 4256 hac
754 4201 878 4272 epistola
891 4211 922 4255 et
935 4200 972 4255 de
985 4199 1146 4270 superiore.
1157 4218 1232 4272 quae
1243 4201 1314 4256 nihil
1328 4202 1391 4258 tere
1404 4201 1581 4258 intersedit

362 4289 470 4358 ierunt,
483 4289 594 4345 mentio
606 4289 640 4344 fit
652 4307 751 4362 supra,
761 4308 792 4344 n.
806 4290 887 4359 2756,
901 4287 952 4343 ubi
965 4289 1006 4343 ait
1017 4288 1047 4347 S.
1062 4287 1203 4358 ignatius:
1219 4290 1264 4344 uio
1278 4289 1407 4346 scriuerd
1417 4308 1471 4363 per
1479 4291 1587 4364 duppli-

361 4387 428 4434 cate
438 4380 488 4434 alli
497 4379 590 4434 nostri
599 4378 636 4434 de
647 4378 768 4434 Colonia
778 4396 796 4432 e
806 4379 911 4448 Viena,
923 4378 970 4432 ch'
983 4377 1067 4432 usino
1077 4375 1231 4446 diligentia
1242 4379 1271 4434 in
1284 4379 1420 4435 mandare
1433 4381 1524 4435 avv.
1535 4377 1586 4435 SS.

363 4470 448 4524 Rme.
462 4469 560 4524 alcuni
571 4468 708 4538 alemani,
721 4467 800 4539 quali
813 4467 839 4522 si
850 4467 1001 4523 ricercano
1013 4483 1065 4540 per
1078 4465 1099 4522 il
1112 4484 1210 4522 nuouo
1222 4467 1375 4538 collegio».

417 4650 425 4682 ¹
462 4649 508 4704 Ex
515 4649 699 4720 apographa·
706 4648 737 4704 in
749 4647 817 4703 Cod.
828 4645 932 4702 Coton.
945 4647 1000 4710 IV,
1013 4645 1063 4704 iol.
1074 4645 1157 4714 265v.
1171 4645 1331 4716 Originalis
1343 4648 1477 4720 epistola,
1490 4649 1586 4704 mutila

359 4746 392 4793 et
404 4737 485 4794 fumo
497 4737 660 4808 denigrata,
674 4745 808 4793 servatur
821 4737 961 4793 Coloniae
975 4735 1004 4790 in
1018 4737 1127 4790 sacello
1139 4733 1241 4806 templi
1255 4738 1360 4791 beatae
1373 4737 1482 4794 Mariae
1495 4737 1588 4810 Virgi-
