3634 5417
400 497 456 556 3³2
781 499 991 556 Monoleum
1010 499 1188 556 Iouerum

368 664 462 724 nent.
475 653 584 750 'Vnde
600 651 872 740 dispensationes
887 652 979 720 circa
990 650 1120 738 jeiunia
1137 652 1191 722 vel
1208 649 1365 721 ciborum
1379 654 1549 722 delectum
1562 665 1601 722 et

368 768 459 836 circa
480 767 630 835 officium
654 767 856 836 canonicum
878 778 913 834 et
935 767 1131 835 huiusmodi
1156 767 1199 836 ad
1221 789 1300 836 eum
1317 768 1500 858 pertinent:
1519 791 1600 856 per-

367 883 486 952 missio
506 884 608 951 etiam
629 897 666 950 et
684 883 855 952 restrictio
876 905 960 950 vsus
982 883 1169 970 gratiarum
1191 904 1430 952 concessarum
1451 885 1599 951 subditis

326 1055 330 1062 .
366 1000 442 1067 eius
459 999 572 1088 (etiam
588 1020 652 1086 per
667 1000 863 1086 generalem
878 997 1120 1086 praepositum)
1137 1001 1180 1067 ad
1191 999 1350 1067 eumdem
1364 1010 1507 1086 spectat.
1525 999 1594 1068 De-

367 1125 490 1202 putare
509 1115 627 1183 itidem
649 1114 874 1195 consessores,
893 1125 929 1183 et
946 1114 1142 1181 facultatem
1162 1115 1213 1182 eis
1233 1113 1394 1184 maiorem
1413 1115 1467 1182 vel
1487 1115 1599 1209 mino-

370 1253 442 1298 rem
466 1232 657 1299 concedere
680 1241 714 1299 et
738 1229 918 1311 eiusmodi,
936 1229 1039 1297 licere
1062 1231 1173 1298 solent
1196 1230 1319 1298 rectori
1337 1231 1391 1298 vel
1407 1230 1601 1317 praeposito

367 1345 467 1414 locali
485 1368 546 1432 per
561 1346 733 1434 generalis
748 1345 1021 1414 concessionem.
1039 1346 1108 1414 Sed
1124 1347 1168 1416 de
1184 1345 1238 1412 his
1253 1345 1337 1414 alias
1352 1345 1517 1414 exactius.

436 1465 540 1548 Quod
556 1461 642 1549 petit
658 1462 748 1530 Rtia.
768 1463 825 1544 T„
843 1463 1016 1548 quomodo
1028 1462 1136 1550 possit
1148 1461 1270 1550 aliquis
1283 1484 1359 1531 esse
1372 1463 1436 1528 sub
1448 1473 1507 1530 tua
1519 1461 1600 1530 obe·

369 1575 499 1646 dientia
525 1588 559 1644 et
587 1599 656 1644 non
684 1576 878 1658 Societatis‚
910 1599 977 1665 ego
1000 1599 1083 1646 vero
1107 1599 1175 1644 non
1199 1577 1312 1660 videm
1338 1598 1402 1645 nec
1427 1579 1494 1646 tale
1517 1577 1599 1664 quid

372 1714 523 1778 unquam
538 1692 620 1760 dixi.
640 1695 669 1760 E
684 1693 856 1760 contrario
872 1703 984 1760 tamen
1002 1703 1115 1780 potest
1131 1693 1253 1778 aliquis
1269 1715 1345 1761 esse
1361 1693 1463 1762 etiam
1484 1695 1599 1762 Loua-

370 1807 417 1875 nii
433 1810 498 1876 sub
514 1809 709 1878 obedientia
724 1809 906 1878 Societatis
922 1820 957 1876 et
973 1831 1042 1877 non
1057 1823 1127 1876 tua.
1218 1831 1222 1838 ’

438 1926 569 1993 Romae
585 1923 722 2014 aoJulii
742 1941 837 2009 1552.

437 2042 534 2108 Tuae
551 2040 660 2109 Rtiae.
679 2063 801 2109 seruus
816 2040 851 2107 in
869 2043 934 2108 X.⁰

436 2158 491 2226 De
505 2157 665 2224 mandato
683 2156 796 2224 Patris
812 2135 921 2224 nostri
936 2157 1067 2224 domini
1083 2157 1220 2244 Ignatii,

894 2275 918 2358 †
937 2276 1103 2361 Jonuues
1121 2295 1168 2342 ua
1185 2275 1370 2342 Pounuco.
1397 2275 1420 2362 †

437 2389 634 2475 Inscriptio.
653 2388 677 2475 ’s
695 2387 781 2455 Rdo.
800 2387 835 2453 in
852 2389 918 2455 Χ.0
936 2388 1028 2455 Patri
1046 2391 1140 2475 Mag.
1159 2389 1313 2456 Adriano
1328 2387 1598 2476 anthuerpiensi,

371 2504 565 2590 praeposito
581 2503 838 2574 scolasticorum
856 2503 1037 2572 Societatis
1050 2506 1143 2592 Jesv,
1163 2505 1319 2572 Louanii.

438 2620 519 2686 Alia
530 2641 651 2686 manu.
666 2621 710 2688 N.
726 2622 767 2687 B.
787 2636 883 2704 1552,
900 2620 1001 2705 51121.
1017 2620 1169 2708 Augusti
1183 2625 1238 2706 (30
1249 2620 1342 2710 Julii)
1352 2621 1492 2715 scripsit
1503 2624 1541 2690 S.
1558 2625 1597 2689 P.

372 2735 528 2822 Ignatius
544 2735 722 2803 Coloniam
740 2738 781 2803 R.
800 2737 842 2802 Ρ.
859 2734 1039 2806 Leonardo
1061 2735 1217 2806 Kesselio
1232 2736 1367 2820 rectori,
1391 2739 1434 2812 de
1455 2737 1601 2824 collegio

375 2850 575 2937 germanico
591 2872 712 2919 recens
728 2861 855 2931 erect0,
873 2833 933 2934 qui
948 2863 984 2916 et
999 2851 1118 2935 quales
1134 2850 1362 2921 mittendi.....
1382 2867 1478 2936 1552,
1498 2871 1517 2936 5
1532 2853 1596 2918 kal.

367 2965 522 3056 Januarii
539 2967 595 3053 (26
609 2966 788 3049 Decemb.)
805 2965 849 3032 de
864 2964 985 3032 eodem
1008 2967 1047 3032 P.
1073 2967 1243 3033 Polancus
1262 2989 1304 3035 ex
1325 2969 1487 3036 mandato
1503 2971 1541 3038 S.
1559 2969 1600 3037 P.

372 3081 508 3168 Ignatii.
529 3097 625 3164 1552,
645 3079 753 3167 pridie
764 3081 802 3149 S.
818 3081 978 3148 Andreae
995 3081 1084 3148 idem
1101 3081 1143 3148 de
1160 3082 1279 3149 eodem
1299 3081 1342 3150 ad
1356 3085 1395 3150 P.
1410 3083 1598 3152 Kesselium

372 3206 554 3275 rectorem,
573 3208 608 3263 et
626 3199 666 3288 Ρ,
685 3195 859 3264 Andream
877 3194 1037 3264 Hezium.
1057 3197 1186 3264 Eodem
1203 3198 1271 3266 fine
1287 3197 1440 3284 Augusti
1458 3200 1500 3268 P.
1514 3199 1598 3267 Sco·

373 3311 503 3379 richius
508 3363 573 3379 .....
814 3309 818 3316 ’

933 3484 958 3560 2
987 3482 1015 3560 4

736 3623 879 3691 parur
900 3482 1113 3692 esitium
1133 3624 1241 3713 JAJO

804 3753 1041 3822 110111123111111
1063 3767 1130 3825 1552
1151 3758 1171 3812 ¹.

559 3883 604 3938 De
616 3879 803 3936 absolutam
815 3878 947 3952 episcopi
961 3880 1128 3937 lubecensis
1139 3887 1167 3938 et
1180 3884 1216 3937 de
1228 3883 1301 3938 aliis
1315 3883 1412 3939 rebus.

441 4007 765 4078 Vienna-Primo.
789 4007 836 4074 Al
860 4008 972 4074 Padre
997 4008 1066 4074 don
1091 4007 1248 4075 Claudio.
1275 4009 1364 4078 Dell'
1389 3989 1601 4079 absolutione

372 4127 429 4193 del
445 4145 594 4193 vescouo
610 4124 791 4192 labacense
808 4124 835 4203 ¹,
853 4137 888 4190 et
906 4124 992 4191 altre
1007 4144 1087 4192 cose
1103 4125 1288 4192 communi.

381 4239 578 4250 -.-.-.-.,

427 4285 435 4318 ¹
473 4285 518 4340 Ex
531 4283 633 4340 codice
646 4285 768 4357 Regest.
786 4283 812 4349 1,
830 4283 881 4339 tol.
900 4275 984 4354 137v,
1001 4300 1079 4341 vers.
1098 4283 1142 4340 28.
1162 4284 1336 4357 Scriptionis
1353 4295 1478 4358 tempus«
1488 4297 1602 4344 constat

374 4392 414 4430 ex
427 4373 551 4446 epistola
564 4386 644 4444 2755.

427 4469 438 4500 ²
475 4463 553 4520 Vide
565 4461 814 4535 epistolum2728.
