3634 5417
558 618 662 675 Eersr.
682 615 837 686 3⁴85·-24
855 616 1008 689 januaan
1029 614 1098 686 1553
1351 613 1402 669 611

205 794 284 838 rum
304 792 445 837 suorum
466 789 506 837 ac
526 768 753 856 spiritualium
775 768 1055 856 occupationum,
1078 790 1146 835 non
1175 779 1243 835 tam
1271 778 1324 835 est
1348 768 1440 853 quod

206 887 371 965 scriuere,
386 906 488 971 quam
505 886 598 971 quod
614 884 845 972 congratulari
861 895 1029 971 oporteat,
1048 884 1233 951 videndum
1251 896 1303 949 est
1325 898 1439 953 tamen

204 1026 253 1070 ne
273 1012 308 1071 et
329 1002 401 1089 ipse
421 1000 535 1067 nimiis
562 1010 722 1069 oneretur
749 1000 936 1067 laboribus.
956 1002 1000 1067 Et
1027 1022 1098 1067 non
1118 999 1329 1079 dubitamus,
1357 998 1439 1085 quin

203 1131 393 1187 curaturus
408 1117 452 1183 sit
468 1116 662 1204 diligenter,
680 1128 718 1182 vt
739 1138 808 1183 non
829 1128 963 1183 tantum
983 1116 1186 1197 doctrinam,
1201 1116 1262 1183 sed
1280 1126 1314 1182 et
1331 1115 1439 1202 pieta·

204 1251 277 1302 tem
295 1245 330 1303 et
345 1254 445 1300 xnae.
464 1232 555 1299 vitae
571 1230 802 1319 integritatem
819 1234 862 1298 ab
883 1254 927 1299 eo
952 1231 1121 1318 discipuli,
1141 1233 1256 1317 quoad
1272 1230 1347 1299 eius
1367 1229 1439 1297 lieri

145 1338 149 1347 ¹
209 1350 335 1437 possit,
359 1348 469 1419 etalii
496 1347 694 1439 collegiales
716 1346 905 1415 addiscant.
931 1348 1071 1415 Modum
1095 1368 1136 1414 ac
1159 1342 1354 1415 institutum
1376 1368 1438 1412 no-

210 1476 359 1533 strorum
375 1462 610 1551 collegiorum,
629 1460 658 1529 si
674 1462 860 1544 vacauerit,
879 1463 1001 1530 advos
1021 1462 1320 1531 transmittendum
1337 1461 1439 1528 etiam

204 1578 421 1650 curabimus.
440 1580 619 1647 Hactenus
636 1578 758 1645 vestris
773 1578 881 1647 literis
896 1578 1072 1664 respondi.
1092 1579 1227 1645 Addam
1244 1578 1337 1663 quod
1349 1577 1439 1644 dorni

207 1696 364 1762 valemus
379 1717 440 1782 per
455 1670 520 1762 Dei
536 1693 682 1782 gratiam
696 1714 828 1775 omneS,
846 1704 880 1762 et
897 1692 985 1761 inter
1002 1704 1135 1761 ceteros
1147 1692 1252 1761 vestri
1265 1692 1439 1761 colonien·

210 1833 267 1877 ses
283 1824 440 1897 vterque,
458 1810 663 1877 Gerardus⁸
686 1818 721 1877 et
741 1808 944 1878 Valerianus
968 1810 993 1889 ⁰,
1015 1821 1051 1877 et
1071 1808 1287 1877 louanienses
1307 1830 1438 1876 omnes.

279 1928 316 1995 ln
332 1926 479 2013 collegio
495 1936 612 1991 nostro
630 1923 716 1991 etin
732 1925 938 2013 germanico·
945 1926 1035 1993 bene
1050 1924 1152 1991 etiam
1165 1946 1221 1993 res
1233 1924 1276 1991 ad
1287 1924 1354 1993 Dei
1366 1926 1441 2011 glo·

210 2034 295 2109 riam
313 2042 516 2111 succedunt.
534 2040 603 2107 lam
620 2040 737 2126 sepius
753 2040 949 2107 monuimus
960 2042 1002 2107 T.
1018 2040 1159 2120 Rtiam.,
1173 2061 1218 2107 ne
1229 2062 1273 2106 ex
1288 2039 1441 2107 inferiori

204 2157 397 2226 Germania
418 2176 624 2244 quemquam
652 2158 803 2223 mitteret
823 2157 866 2225 ad
894 2156 1078 2243 collegium
1102 2159 1357 2243 germanorum,
1376 2155 1441 2222 nisi

211 2272 311 2339 nobis
327 2272 546 2359 praemonitis
563 2283 597 2339 et
615 2293 778 2358 responso
794 2283 948 2359 accepto;
966 2271 1045 2358 quia
1066 2292 1186 2339 revera
1206 2292 1251 2338 ex
1271 2270 1438 2359 superiori

205 2385 395 2455 Germania
411 2388 466 2454 vel
482 2410 525 2455 ex
542 2384 608 2467 his,
624 2385 682 2471 qui
695 2385 900 2455 Germaniae
912 2385 1097 2473 superioris
1109 2386 1265 2472 linguam
1277 2388 1366 2454 bene
1377 2407 1439 2453 no·

213 2502 336 2583 uerint,
355 2502 462 2569 maior
478 2500 662 2569 multitudo
677 2501 886 2569 admittenda
906 2514 972 2583 est,
990 2514 1028 2567 vt
1048 2502 1139 2577 illius
1158 2500 1307 2590 regionis
1334 2500 1440 2569 maior

207 2618 395 2687 ‘necessitas
410 2628 445 2685 et
460 2617 588 2685 rariora
604 2600 753 2687 remedia
769 2616 925 2705 exigunt.
953 2617 1023 2705 Qui
1047 2618 1174 2686 suerint
1190 2618 1225 2686 in
1246 2622 1312 2685 hoc
1333 2618 1438 2688 colle·

205 2733 268 2821 gio
284 2733 444 2821 optimam
461 2756 544 2800 sane
560 2732 790 2801 conditionem
812 2733 962 2801 habituri
983 2734 1143 2805 omnibus
1159 2733 1332 2804 videntur.
1354 2736 1437 2804 Pre-

210 2860 262 2917 tcr
279 2848 370 2915 enim
386 2848 635 2917 institutionem
651 2849 687 2915 in
708 2848 814 2917 literis
837 2860 871 2917 et
895 2826 1050 2918 moribus
1073 2850 1182 2920 ranis
1210 2849 1319 2937 (cuius
1336 2870 1439 2937 opere

125 3041 134 3055 ι
208 2964 359 3051 precium
377 2986 547 3031 summum
565 2966 641 3051 est),
658 2964 834 3032 beneficiis
849 2965 1091 3033 ecclesiasticis
1107 2966 1218 3034 ornati
1234 2988 1297 3053 pro
1321 2965 1437 3033 cuius-

204 3102 275 3167 que
293 3080 421 3147 talentn
441 3082 483 3146 ad
505 3102 586 3147 suos
607 3079 835 3163 remittentur,
854 3092 891 3146 vt
908 3103 973 3148 nec
994 3081 1030 3148 in
1046 3082 1215 3164 doctrina,
1235 3102 1300 3150 nec
1316 3082 1350 3147 in
1370 3082 1437 3147 vir-

214 3206 300 3277 tute,
319 3218 383 3263 nec
401 3196 576 3283 temporali
591 3198 769 3281 facultate,
788 3218 851 3265 nec
863 3199 994 3264 honore
1004 3196 1189 3266 desiderari
1202 3197 1385 3283 quicquam
1402 3198 1436 3263 in

209 3310 275 3379 illis
290 3311 409 3398 possit.
429 3314 502 3379 Nec
519 3334 636 3380 eorum
653 3311 757 3379 statui
776 3314 880 3378 vllum
902 3325 1019 3399 preter
1042 3312 1251 3401 relligiosum
1275 3335 1343 3401 ego
1359 3336 1436 3401 pre·

210 3427 358 3495 tulerim.
377 3430 447 3495 lam
464 3428 498 3493 in
515 3429 661 3513 collegio
678 3446 720 3512 27
736 3441 828 3495 sunt.
849 3428 1018 3525 Dominus
1032 3428 1193 3496 virtutem
1211 3440 1245 3497 et
1266 3429 1435 3517 spiritum,

208 3564 278 3611 non
296 3543 408 3609 minus
424 3564 526 3627 quam
544 3566 736 3624 numerum,
755 3543 790 3610 in
806 3544 879 3611 dies
895 3545 1078 3631 adaugeat.

276 3658 431 3745 Collegia
447 3672 563 3727 nostra
578 3660 691 3727 italica
707 3669 742 3728 et
758 3658 865 3727 sicula
880 3660 916 3725 in
932 3659 1005 3727 dies
1020 3660 1215 3746 proficiunt;
1231 3660 1267 3727 in
1279 3660 1438 3727 omnibus

207 3774 317 3861 aperti
343 3774 415 3841 ludi
438 3775 576 3843 literarii
596 3774 766 3862 insignem
786 3794 829 3842 ex
846 3776 1032 3861 juuentute
1053 3776 1202 3842 fructum
1221 3777 1265 3842 ad
1282 3776 1348 3845 Dei
1366 3777 1438 3843 lau-

207 3888 286 3955 dem
302 3889 505 3976 percipiunt.
670 3872 675 3881 ¹

276 4005 315 4071 ln
332 4005 497 4092 Hispania
517 4005 619 4073 etiam
642 4026 849 4093 magnopere
870 4006 993 4073 crescit
1020 4006 1186 4088 Societas,
1209 4017 1245 4075 et
1272 4007 1438 4095 collegio-

211 4140 286 4187 rum
302 4132 336 4187 et
353 4120 538 4209 insignium
556 4122 733 4189 nobilitate
745 4144 786 4189 ac
801 4122 907 4191 literis
924 4122 1072 4189 virorum
1089 4144 1254 4191 numerus
1275 4135 1434 4210 augetur.

205 4235 524 4321 Quadrimestribus
537 4236 642 4305 literis
655 4238 751 4323 plura
767 4237 981 4325 intelligetis.
1036 4324 1040 4333 ι

274 4353 329 4419 De
345 4352 544 4437 Portugalia
562 4354 772 4421 tantumdem
789 4352 833 4419 sit
846 4352 990 4419 dictum.

274 4468 327 4535 Ex
342 4467 446 4534 lndiis
462 4468 581 4537 literae
598 4472 818 4537 veneruntin
843 4468 1102 4556 portugaliam,
1122 4470 1182 4538 sed
1200 4469 1350 4535 nondum
1369 4470 1438 4535 Ro·

206 4602 298 4649 mam
314 4594 556 4669 peruenerunt.

214 4702 415 4715 *-

263 4752 275 4787 ⁶
311 4752 617 4825 GerardusTacquet.
720 4790 723 4797 ,

240 4844 275 4893 ,θ
313 4841 487 4898 Valerianus
501 4842 703 4915 Marchiensis,
719 4844 863 4913 Hausisti,
880 4860 926 4914 op.
940 4842 1004 4913 cit.,
1020 4858 1085 4913 pag.
1105 4840 1166 4898 183.
