3634 5417
394 498 448 567 490
775 498 981 554 Monunssra
1000 496 1179 554 Ionrrrrnr

426 649 475 717 La
491 671 622 718 summa
640 649 756 737 grazia
772 661 807 720 et
824 671 919 717 amor
933 662 1053 717 eterno
1068 651 1112 716 de
1127 649 1192 718 X.⁰
1210 663 1327 718 nostro
1342 653 1482 740 signore
1495 653 1592 719 salu-

358 767 384 832 ti
400 778 435 834 et
454 765 543 834 uisiti
561 767 605 833 V.
625 747 711 836 Sria.
737 769 832 833 Rma.
858 787 923 833 con
940 764 1015 832 suoi
1032 766 1215 832 santissimi
1236 768 1317 834 doni
1334 779 1370 836 et
1385 768 1500 854 grazie
1517 767 1594 853 spi·

358 881 483 948 rituali.
945 883 950 894 '

426 999 483 1064 Ho
500 997 654 1066 riceuuto
671 1000 784 1082 quella
800 999 843 1066 de
860 1014 924 1068 xxt
941 1000 997 1068 del
1013 1012 1150 1086 passato
1164 1001 1209 1068 de
1224 998 1268 1066 V.
1287 997 1373 1068 Sria.
1390 1001 1489 1066 Rma.
1507 999 1535 1076 ',
1554 1010 1593 1065 et

356 1111 607 1180 infinitamente
622 1115 655 1179 la
670 1113 836 1200 ringratio
849 1117 892 1182 de
909 1127 1003 1184 tanta
1014 1113 1144 1183 chariti
1156 1125 1191 1183 et
1204 1127 1346 1200 paterno
1359 1116 1477 1181 afferto
1489 1133 1594 1179 come

350 1229 388 1295 la
409 1239 536 1296 mostra
562 1251 661 1298 uerso
683 1230 729 1298 de
751 1241 872 1316 questa
896 1230 1036 1299 minima
1059 1230 1340 1318 congregatione,
1367 1242 1401 1296 et
1427 1240 1516 1296 tutta
1542 1230 1591 1297 de

357 1345 401 1412 V.
421 1344 510 1414 Sria.
529 1347 626 1412 Rma.
646 1345 680 1411 in
697 1345 780 1432 ogni
796 1367 892 1428 cosa,
911 1358 946 1412 et
962 1347 1261 1432 particularmente
1273 1345 1363 1413 circa
1375 1357 1389 1386 ²
1401 1346 1434 1412 la
1446 1345 1589 1423 volone,

357 1461 445 1528 della
463 1462 563 1546 quale
578 1460 690 1527 scriue
706 1481 773 1527 con
789 1471 884 1528 tanto
900 1460 916 1505 ¹³
931 1463 1006 1528 zelo
1021 1474 1132 1529 santo.

422 1573 465 1641 Et
481 1596 542 1662 per
558 1597 672 1644 esseer
688 1577 732 1644 V.
752 1576 839 1644 Stia.
859 1579 958 1644 Rma.
977 1577 1024 1644 dil
1041 1588 1128 1658 tute,
1147 1598 1169 1642 o
1184 1578 1339 1645 almarico
1356 1576 1389 1642 in
1406 1577 1496 1642 bona
1510 1598 1588 1661 par·

356 1703 391 1758 te
408 1692 590 1758 informato
605 1702 629 1772 ⁰,
647 1711 752 1778 posso
768 1691 841 1760 dire
857 1715 876 1759 a
893 1693 937 1759 V.
956 1676 1043 1761 Sria.
1063 1695 1160 1760 Rma.
1179 1695 1247 1758 due
1263 1713 1354 1759 cose:
1373 1714 1453 1770 vna,
1470 1693 1535 1757 che
1551 1690 1589 1757 io

357 1829 434 1873 amo
449 1810 504 1874 nel
522 1806 649 1893 Signor
664 1819 780 1873 nostro
797 1807 900 1892 quelli
919 1806 1034 1888 Padri,
1051 1820 1088 1875 et
1103 1811 1148 1875 ho
1164 1809 1271 1874 multa
1287 1809 1404 1874 buona
1425 1805 1588 1890 opinione

357 1924 446 1991 della
469 1923 542 1989 loro
567 1923 660 1990 uirtd
684 1936 718 1992 ct
743 1921 860 2005 bontd;
887 1924 910 1989 l'
934 1925 1031 2004 altra,
1057 1927 1122 1991 che
1145 1923 1254 1989 simile
1272 1923 1397 1990 unione
1413 1921 1444 1988 ci
1460 1923 1480 1988 ἑ
1495 1932 1588 1987 stata

357 2049 519 2126 proposta
536 2040 621 2106 altra
643 2038 735 2105 uolta
751 2059 817 2104 con
838 2039 906 2106 due
922 2039 1194 2126 congregatione
1212 2040 1256 2105 de
1278 2038 1362 2124 preti
1383 2037 1534 2123 religiosi
1554 2035 1583 2114 ἀ,

355 2165 391 2222 et
407 2154 588 2221 habbiamo
611 2164 745 2221 trouato
761 2154 795 2221 in
817 2158 920 2223 modo
936 2176 1086 2223 nessuno
1108 2154 1305 2233 conuenire,
1329 2176 1388 2240 per
1403 2173 1497 2220 esser
1518 2152 1587 2219 Dio

352 2270 398 2337 N.
417 2271 453 2337 S.
474 2268 530 2354 piir
548 2269 676 2338 seruito
692 2271 736 2336 da
752 2271 823 2337 loro
839 2283 874 2338 et
890 2272 934 2337 da
950 2269 1019 2350 noi,
1038 2272 1104 2336 che
1123 2269 1183 2361 [sel
1200 2271 1266 2338 tale
1284 2269 1412 2335 unione
1424 2266 1452 2334 si
1472 2271 1584 2334 laces-

352 2384 393 2451 si.
414 2387 457 2451 Et
473 2407 578 2453 erano
596 2386 627 2452 le
644 2406 747 2454 cause
763 2387 805 2454 de
823 2398 919 2453 tanto
934 2398 1119 2461 momento,
1138 2387 1251 2452 chela
1268 2405 1424 2471 persona,
1442 2387 1511 2452 che
1524 2382 1584 2470 pid

353 2501 386 2564 lo
403 2521 604 2585 procuraua,
630 2502 720 2569 resto
744 2501 848 2568 molto
872 2523 999 2587 capace
1022 2513 1057 2569 et
1081 2521 1241 2587 persuasa
1265 2503 1330 2568 che
1353 2521 1422 2565 non
1445 2497 1584 2565 douessi

353 2613 446 2684 farsi.
467 2616 574 2698 Hora,
593 2615 792 2703 monsignor
810 2616 1103 2696 reverendissimo,
1122 2617 1294 2684 mouendo
1311 2617 1344 2681 le
1359 2614 1491 2701 ragioni
1509 2633 1585 2679 me·

353 2729 500 2798 dessime
520 2731 554 2797 in
577 2742 697 2816 questa
719 2732 990 2818 congregatione
1011 2734 1076 2798 che
1097 2753 1291 2798 moueuano
1307 2731 1343 2796 in
1364 2730 1489 2814 quelle,
1512 2749 1583 2794 non

352 2845 522 2932 possiamo
538 2845 623 2914 altro
639 2845 766 2914 sentire
783 2847 838 2918 nel
854 2847 1002 2932 Signore
1019 2860 1137 2928 nostro
1153 2859 1178 2928 ⁶,
1192 2867 1230 2913 se
1243 2868 1311 2913 non
1324 2849 1388 2913 che
1401 2846 1468 2911 tale
1483 2843 1584 2910 unio·

322 2939 327 2950 ⁵
352 2982 396 3028 ne
418 2980 487 3027 non
509 2961 678 3038 conuiene
697 2983 757 3048 per
779 2962 858 3046 quel
878 2961 1020 3030 seruitio
1040 2963 1084 3030 de
1105 2962 1172 3030 Dio
1193 2963 1236 3030 N.
1261 2963 1315 3041 S.,
1337 2963 1402 3029 che
1422 2962 1466 3026 V.
1491 2958 1581 3029 sria.

350 3078 449 3143 Rma.
475 3087 509 3143 et
534 3077 613 3142 tutti
637 3075 694 3144 noi
717 3097 888 3172 cereamo.
916 3079 958 3144 Et
981 3080 1106 3164 perche
1130 3099 1198 3143 non
1222 3080 1242 3143 ὲ
1263 3076 1378 3160 giusto
1402 3097 1469 3142 con
1487 3085 1582 3141 tanta

351 3191 520 3278 prolixitd,
551 3201 678 3276 quanta
706 3191 976 3278 bisognarebbe,
1005 3192 1187 3286 scriuendo
1214 3193 1247 3259 le
1274 3190 1424 3281 ragioni‚
1454 3211 1581 3277 grauar

350 3307 394 3373 V.
419 3306 506 3375 Sria.
525 3309 638 3388 Rma.,
662 3319 697 3380 et
719 3309 829 3374 anche
851 3330 912 3394 per
932 3307 1054 3377 lettere
1076 3330 1145 3375 non
1170 3309 1199 3375 si
1216 3309 1366 3395 potendo
1383 3305 1456 3374 cosi
1472 3304 1584 3391 espri-

293 3439 298 3444 ·
351 3439 442 3490 mere
459 3433 579 3507 queste
596 3444 687 3502 cose,
706 3443 775 3488 non
792 3420 836 3488 m'
852 3415 1045 3504 estendere,
1063 3423 1294 3492 offerendome
1315 3421 1552 3488 humillmente
1576 3419 1587 3460 f

403 3606 417 3634 ²
455 3591 624 3662 Superiora
637 3607 687 3646 sex
700 3591 791 3646 verba
803 3590 925 3662 scripsit
941 3592 975 3650 S.
986 3591 1142 3664 Ignatius·
1150 3592 1241 3662 prius
1252 3591 1420 3664 legebatur:
1431 3607 1485 3662 pur
1494 3604 1585 3660 quan·

350 3688 390 3738 t0.
429 3681 480 3723 -b
499 3679 564 3735 Hoc
576 3680 700 3735 verbnm
715 3671 836 3735 addidit
850 3680 881 3737 S.
897 3680 1048 3753 lguniius.
1087 3695 1136 3724 -0
1155 3681 1322 3751 Superiora
1335 3693 1373 3748 14
1386 3679 1475 3734 verbo
1488 3695 1585 3732 manu

348 3768 381 3823 S.
400 3767 521 3840 ignatii
532 3770 645 3840 scripta
659 3773 743 3836 suni·
752 3769 842 3842 prius
854 3771 1002 3840 scriptum
1015 3775 1095 3825 erat.-
1109 3779 1139 3824 et
1152 3769 1246 3825 minor
1264 3767 1465 3824 moderatione
1477 3764 1515 3821 de
1530 3777 1584 3819 sta

347 3855 511 3928 prudentia.
559 3859 609 3900 -d
633 3857 789 3913 Additum·
808 3875 827 3912 a
853 3858 887 3914 S.
915 3858 1048 3930 Ignatio.
1098 3874 1146 3901 -e
1170 3857 1245 3914 Tria
1266 3859 1427 3929 superiora
1450 3853 1541 3910 zarda
1560 3871 1583 3908 a

347 3947 381 4002 S.
398 3943 519 4018 ignatio
533 3947 640 4002 addita
653 3950 732 4002 suni.
772 3947 818 3989 -f
833 3945 899 4002 Hoc
911 3947 1035 4002 verbum
1048 3949 1170 4003 addidit
1183 3947 1216 4004 S.
1232 3947 1397 4020 ignatius·

350 4051 547 4064 ..——--...,

400 4099 411 4130 ³
449 4095 525 4151 Vide
542 4095 697 4168 epistolam
715 4113 790 4170 quae
807 4097 951 4169 sequitur,
971 4098 1018 4154 cui
1038 4099 1170 4170 ignatius
1186 4114 1264 4153 nunc
1285 4094 1432 4154 rescribit.
1452 4095 1499 4150 De
1517 4102 1582 4150 toto

346 4193 445 4241 autern
455 4186 575 4256 negotio
586 4186 729 4242 Polancus
739 4188 812 4242 haec
823 4185 981 4242 memoriae
991 4187 1150 4246 mandavit:
1164 4187 1430 4258 «archiepiscopus
1440 4184 1581 4240 Ganuen-

346 4273 387 4329 sis
398 4273 504 4330 litteris
514 4275 575 4331 suis
586 4275 742 4348 impetrare
752 4292 769 4330 a
781 4275 866 4330 Patre
877 4275 992 4347 ignatio
1004 4284 1158 4334 curaverat
1171 4286 1204 4331 ut
1214 4275 1270 4331 viri
1280 4274 1422 4346 religiosi,
1432 4290 1507 4346 quos
1521 4273 1581 4328 Me-

347 4362 456 4418 diolani
470 4363 556 4418 titulo
570 4363 600 4418 S.
616 4365 767 4419 Barnabae
782 4365 945 4433 nominant,
958 4381 1024 4420 cum
1039 4364 1188 4420 Societate
1205 4373 1305 4419 nostra
1323 4363 1508 4420 unirentur...
1524 4361 1581 4418 Cui

346 4449 497 4523 respondit
510 4451 542 4510 P.
558 4452 691 4524 ignatius
705 4469 737 4508 se
750 4451 875 4524 diligere
889 4453 992 4509 Patres
1010 4453 1077 4510 illos
1095 4462 1126 4508 et
1143 4454 1252 4525 optime
1269 4451 1307 4508 de
1320 4453 1450 4524 ipsorum
1469 4451 1581 4507 virtute

346 4548 376 4594 et
390 4537 560 4610 integritate
574 4541 696 4612 sentire3
711 4541 763 4596 sed
778 4550 876 4596 tamen
889 4542 1057 4613 hujusmodi
1067 4542 1241 4598 unionem...
1252 4559 1311 4597 non
1321 4541 1510 4596 convenire.»
1521 4539 1581 4596 Po·

344 4641 481 4696 Laneus,
498 4628 751 4701 Chron.‚11,429.
767 4627 841 4685 Vide
855 4649 954 4702 supra,
968 4632 992 4703 Ι,
1004 4644 1070 4701 474,
1088 4631 1139 4687 ubi
1156 4629 1194 4686 de
1213 4647 1273 4686 non
1290 4629 1474 4686 admittenda
1490 4627 1579 4684 simili

345 4718 554 4788 conjunctione
568 4737 634 4774 cum
648 4720 704 4792 piis
718 4717 922 4775 sacerdotibus
936 4720 991 4775 ode
1003 4718 1182 4775 Somaschan
1196 4735 1294 4776 sermo
1307 4728 1363 4774 est.
