3634 5417
510 571 512 578 ›
579 537 683 596 Errsr.
704 533 860 596 moe-ao
879 536 1087 608 Mann11553
1291 508 1299 528 ¹
1359 540 1414 609 ⁶⁸9
1501 527 1506 537 '

215 708 281 776 500
299 712 422 758 aureos
437 690 644 778 syngraphis
660 711 723 757 sua
739 711 844 758 manu
864 689 1000 776 scriptis
1020 689 1160 776 polliciti
1180 701 1273 758 sunt.
1297 693 1448 759 Dederat

215 806 305 874 enim
322 819 333 847 ¹
349 809 390 873 Ρ.
409 806 613 874 Franciscus
630 806 743 892 Borja,
766 805 847 872 olim
869 807 940 873 dux
962 806 1131 886 Gaudiac,
1154 827 1224 873 non
1240 806 1446 876 mediocrem

216 923 438 1008 pecuniarum
461 943 642 1003 summam,
673 943 741 1007 qua
768 933 803 990 et
830 921 1014 1008 collegium
1042 933 1077 989 et
1101 924 1264 1008 templum
1293 934 1446 990 nostrum

216 1039 368 1106 inchoari
385 1049 512 1124 posset;
537 1059 626 1122 quae
647 1037 785 1123 quidem
808 1059 941 1104 summa
962 1035 997 1102 in
1019 1057 1085 1121 3⁰0
1107 1037 1243 1104 circiter
1265 1059 1446 1105 aureorum

216 1154 347 1222 reditus
362 1144 568 1222 coemendos
584 1165 725 1239 erogata
741 1164 806 1235 est,
822 1175 924 1240 quam
943 1153 1013 1221 fere
1028 1175 1195 1220 summam
1212 1153 1395 1239 collegium
1412 1154 1447 1220 in

217 1268 447 1336 conductione
464 1280 499 1336 et
514 1269 730 1354 reparatione
746 1268 895 1349 aedium,
915 1290 1003 1354 quae
1019 1290 1088 1338 non
1105 1268 1244 1336 minoris
1260 1271 1323 1335 180
1335 1268 1449 1337 aureis

217 1387 387 1452 locantur:
406 1384 441 1450 in
458 1372 616 1452 mercede
632 1384 832 1452 correctoris
849 1387 950 1471 (quae
965 1385 1008 1451 ad
1024 1401 1192 1451 summam
1207 1404 1251 1468 40
1267 1405 1448 1453 aureorum

218 1512 256 1565 vt
271 1499 451 1566 minimum
465 1499 607 1585 accedit)
621 1511 655 1568 et
668 1500 800 1566 medico
812 1513 822 1540 ⁸
835 1500 1061 1586 persoluenda
1072 1503 1240 1569 hactenus
1251 1500 1446 1586 assumpsit.

218 1615 343 1682 Victus
359 1626 488 1697 autem,
506 1606 665 1698 vestitus,
682 1614 845 1682 librorum
867 1629 1126 1701 ceterarumque
1149 1637 1262 1682 rerum
1285 1637 1448 1683 necessa-

218 1731 359 1812 riarum,
373 1731 441 1798 iam
458 1755 478 1798 a
495 1733 632 1798 duobus
648 1744 683 1798 et
695 1754 737 1800 eo
749 1731 894 1818 amplius
906 1730 1005 1800 annis
1017 1743 1165 1816 quantae
1179 1731 1306 1800 fuerint
1318 1730 1448 1818 impen-

219 1869 290 1928 sae,
310 1849 439 1915 Romae
459 1847 686 1934 potissimum,
706 1848 740 1914 in
762 1859 856 1915 tanta
877 1848 991 1930 domo,
1011 1859 1226 1933 quantaeque
1242 1848 1311 1915 sint
1330 1848 1366 1916 in
1387 1871 1449 1934 po·

219 1974 353 2032 sterum
374 1964 523 2043 futurae,
546 1963 644 2029 vobis
664 1964 886 2050 cogitandum
906 1963 1074 2049 relinquo.
1097 1965 1175 2030 Hoc
1198 1975 1313 2030 autem
1339 1974 1449 2031 totum

219 2089 342 2145 mutuo
364 2079 508 2166 accepit,
531 2101 610 2146 cum
637 2100 680 2146 ex
707 2079 886 2165 Hispania,
917 2080 961 2144 ob
989 2079 1145 2164 publicos
1168 2091 1270 2164 atque
1296 2078 1449 2164 priuatos

220 2194 302 2261 noui
330 2193 429 2262 ducis
460 2195 595 2262 Gandie
629 2196 813 2275 tumultus,
843 2195 890 2262 nil
916 2216 1058 2281 prorsus
1084 2193 1306 2280 pecuniarum
1336 2195 1450 2262 mitte·

221 2321 327 2376 retur.

288 2429 457 2511 Magnum
476 2426 591 2510 itaque
607 2447 665 2492 aes
681 2433 690 2466 ²
705 2425 854 2493 alienum
868 2423 1042 2505 conflauit,
1057 2425 1105 2491 ita
1116 2437 1166 2508 vt,
1180 2424 1309 2511 optime
1320 2426 1450 2492 ratione
1501 2495 1507 2504 ,

221 2543 404 2622 subducta,
423 2541 604 2628 plusquam
626 2541 711 2610 1600
727 2561 849 2608 aureos
865 2541 999 2608 debeat.
1019 2541 1187 2610 Redditus
1198 2554 1311 2608 autem
1328 2541 1450 2610 diuen-

221 2655 296 2738 diti,
316 2659 358 2723 ad
373 2679 429 2725 res
444 2659 691 2743 comparandas
708 2658 751 2724 ad
767 2656 933 2724 ccclesiae
949 2656 1135 2738 edificium,
1157 2667 1237 2724 ante
1260 2657 1362 2724 huius
1377 2657 1451 2724 exi-

175 2839 178 2846 ,
223 2785 296 2839 tum
313 2774 452 2852 mensis,
472 2772 622 2840 vniuersi
638 2785 652 2812 ¹¹
669 2784 756 2858 pene
772 2770 977 2853 dilabantur3
991 2772 1063 2858 jam
1079 2772 1171 2840 enim
1192 2770 1227 2838 in
1243 2777 1309 2840 hoc
1325 2795 1452 2841 conue·
1538 2828 1543 2846 .

222 2889 347 2969 nimus,
366 2889 413 2955 ita
429 2901 467 2954 vt
482 2888 665 2974 collegium
683 2888 780 2956 breui
800 2888 867 2954 isto
888 2888 991 2956 etiam
1011 2888 1164 2955 subsidio
1184 2888 1349 2974 priuetur;
1374 2911 1453 2956 cum

224 3015 339 3072 tamen
368 3005 483 3071 adhuc
514 3005 638 3072 debeat
668 3005 850 3090 plusquam
887 3022 972 3070 1200
1002 3024 1141 3083 aureos,
1176 3004 1309 3072 tametsi
1342 3007 1454 3073 soluat
1493 3047 1504 3066 .

224 3117 386 3203 quicquid
403 3119 571 3203 reliquum
592 3117 707 3185 fuerit.
731 3121 851 3203 Itaque
871 3139 952 3184 cum
973 3119 1107 3206 augeri,
1131 3119 1201 3184 imo
1221 3121 1454 3206 conduplicari

224 3233 480 3301 scolasticorum
497 3236 620 3301 debeat
637 3255 812 3314 numeruS,
831 3233 917 3300 nulli
933 3233 989 3300 alii
1006 3233 1163 3305 innititur
1181 3247 1196 3274 V
1216 3237 1452 3317 fundamento,

223 3371 325 3435 quam
342 3349 416 3436 spei
432 3350 606 3417 constanti
622 3350 656 3416 in
672 3353 759 3431 De0;
779 3371 846 3434 que
862 3371 946 3416 sane
962 3349 1086 3433 quouis
1098 3349 1164 3416 alio
1176 3349 1305 3419 firmior
1319 3371 1360 3417 ac
1375 3351 1455 3417 soli-

222 3464 297 3531 dior
320 3478 372 3531 est
397 3465 636 3544 fundamentO,
662 3486 772 3549 eaque
798 3465 953 3550 prolecto
980 3466 1136 3530 futurum
1163 3487 1355 3550 speramus,
1386 3489 1455 3532 non

224 3579 349 3647 abhinc
366 3581 492 3647 multos
509 3602 617 3647 annos
633 3583 698 3646 hoc
715 3579 899 3666 collegium
917 3581 960 3646 ab
980 3580 1094 3664 aliquo
1116 3592 1165 3646 tot
1186 3580 1375 3648 redditibus
1391 3584 1454 3648 do-

224 3698 380 3776 tandum,
398 3707 436 3762 vt
451 3695 534 3764 satis
550 3698 727 3764 commode
743 3695 779 3760 in
794 3715 836 3762 eo
852 3694 960 3762 nostri
977 3695 1118 3782 degant.

291 3814 380 3880 Cum
397 3811 486 3879 enim
504 3813 637 3878 fructus
653 3821 850 3898 appareant,
868 3810 943 3878 fieri
959 3831 1029 3876 non
1044 3811 1168 3896 poterit
1186 3811 1269 3895 quin
1292 3833 1380 3879 vnus
1395 3826 1456 3880 aut

224 3929 353 4016 plureS,
372 3939 532 4015 potentes
549 3928 650 3993 simul
666 3948 706 3993 ac
722 3927 860 4009 diuites,
879 3926 971 3992 istud
987 3947 1057 3992 non
1080 3938 1265 4013 praestent.
1293 3929 1370 3995 Hac
1392 3930 1456 3997 ita-

225 4065 291 4129 que
309 4067 369 4132 spe
386 4045 494 4111 fultus
511 4047 614 4112 Pater
631 4043 785 4129 Ignatius
801 4042 894 4109 aliud
911 4053 1043 4128 spectat
1058 4042 1155 4124 nihil,
1174 4042 1239 4108 nisi
1258 4057 1297 4110 vt
1320 4045 1454 4113 interim

225 4183 313 4248 opus
334 4161 427 4228 istud
448 4163 491 4228 ad
512 4182 617 4226 vnum
640 4171 700 4226 aut
724 4159 868 4226 alterum
891 4179 1020 4224 annum
1044 4171 1255 4245 promoueat,
1285 4161 1369 4226 nihil
1395 4183 1455 4229 ve-

224 4297 305 4346 rens
319 4289 335 4318 ¹
352 4277 435 4362 quin
451 4275 627 4363 perpetuis
643 4273 833 4344 redditibus
850 4285 864 4325 5
880 4273 1083 4341 stabiliatur.

294 4395 355 4461 X.·
370 4391 529 4460 dominus
542 4403 659 4460 noster
671 4413 734 4458 sua
746 4389 980 4457 misericordia
992 4388 1092 4457 nobis
1099 4391 1232 4477 gratiae
1244 4413 1327 4460 suae
1338 4393 1454 4462 lumen

279 4687 290 4715 ¹
326 4671 483 4729 etiamalt.
522 4685 568 4712 -ε
588 4667 765 4726 modicoalt.
805 4677 849 4709 -t
866 4683 899 4722 es
912 4683 1042 4734 ms‚‚·aes
1055 4668 1110 4723 alt.
1148 4684 1198 4710 —u
1217 4669 1387 4727 uniuersum
1400 4671 1455 4727 alt.

225 4789 243 4802 -
262 4777 276 4805 v
295 4760 438 4840 innitetur
449 4760 542 4816 alt.-
577 4773 594 4802 κ
613 4756 713 4812 uerius
726 4757 781 4812 alt.
819 4771 869 4811 -r
882 4754 1016 4811 redditus
1027 4757 1083 4816 alt.

360 4857 466 4904 Morou.
480 4853 701 4908 Ionan-Errat„
716 4865 773 4900 rou.
788 4851 835 4899 IV.
1294 4861 1324 4903 44
