3634 5417
397 554 451 610 454
777 540 987 597 Mouuuaura
1008 540 1191 595 lanarum

359 696 393 753 di
410 695 497 753 detto
513 684 601 753 sacro
616 696 761 771 collegi0,
779 696 820 753 ho
839 696 957 752 donato
976 702 1068 753 cento
1087 693 1257 768 cinquanta
1275 693 1375 765 scudi,
1390 694 1450 751 mia
1465 696 1527 753 uita
1542 696 1597 753 du-

359 810 458 872 rante,
478 801 552 859 delli
574 802 657 860 frutti
677 802 709 859 di
729 802 815 860 detta
834 809 939 859 nostra
958 800 1093 873 abbatia,
1109 802 1133 859 si
1148 818 1238 861 come
1254 818 1310 875 per
1328 799 1346 858 l'
1362 802 1486 877 alligata
1500 802 1596 876 poliza

360 909 458 967 uedra
467 908 505 966 V.
519 908 556 965 R.
568 908 652 967 Saria
663 910 747 967 bene
758 911 816 967 che
828 910 853 967 si
864 916 1044 967 ottennesse
1055 926 1116 967 una
1127 910 1237 967 lettera
1249 908 1299 967 dal
1314 908 1403 965 ano.
1417 909 1597 979 thesorierc,

362 1016 473 1074 diretta
487 1017 517 1074 al
531 1015 611 1073 Rdo.
626 1016 789 1075 collettore
805 1017 1048 1075 et·sucollettore
1059 1016 1111 1089 qui
1123 1016 1153 1073 in
1167 1033 1275 1091 regno,
1290 1016 1349 1073 che
1364 1032 1428 1073 non
1441 1014 1595 1073 debbiauo

359 1124 525 1181 molestare
538 1124 623 1181 detta
639 1123 762 1181 abbatia
773 1123 855 1181 delle
871 1123 991 1181 decime
1003 1120 1092 1181 insin'
1105 1123 1144 1181 ad
1156 1122 1232 1181 altro
1244 1124 1330 1181 auiso
1342 1122 1373 1180 di
1385 1140 1442 1180 sua
1453 1122 1594 1199 signorm,

360 1231 474 1304 perche
490 1237 602 1305 questa
617 1231 634 1287 ὲ
649 1231 678 1287 la
692 1230 821 1288 uolunta
835 1230 866 1287 di
881 1248 937 1289 sua
951 1230 1071 1301 santita,
1086 1240 1118 1288 et
1136 1229 1238 1289 subito
1254 1238 1285 1287 et
1299 1247 1358 1288 con
1379 1231 1452 1307 ogni
1471 1231 1594 1288 celerita

361 1337 501 1411 espedita
514 1334 539 1393 s’
553 1337 698 1395 inuiasse.
762 1352 766 1359 ’

418 1442 458 1503 Se
473 1444 561 1519 potra
575 1444 737 1520 negotiare
752 1462 794 1503 un
809 1444 906 1501 breue
921 1462 977 1519 per
991 1462 1093 1503 mezzo
1101 1446 1156 1502 del
1167 1444 1256 1502 Rm0.
1268 1444 1446 1521 monsignor
1456 1442 1487 1502 d'
1499 1444 1593 1517 Aqui-

360 1569 410 1619 n0,
426 1551 589 1609 secretario
605 1551 637 1608 di
651 1568 708 1609 sua
723 1552 842 1622 samita,
857 1553 991 1625 alquale
1006 1552 1091 1609 molti
1106 1552 1183 1611 mesi
1198 1568 1275 1609 sono
1287 1552 1379 1609 douai
1395 1569 1456 1609 una
1468 1552 1595 1623 minuta,

356 1665 390 1714 et
404 1675 453 1715 me
468 1658 497 1715 la
510 1674 611 1731 perse,
626 1658 686 1715 che
699 1660 753 1732 poi
768 1658 797 1715 la
811 1666 910 1716 morte
925 1659 987 1716 mia
1002 1667 1033 1717 et
1047 1660 1075 1717 ai
1091 1666 1234 1732 presente
1249 1658 1334 1715 detta
1349 1658 1473 1717 abbatia
1488 1675 1521 1715 se
1538 1658 1593 1715 de-

358 1765 488 1823 stinasse
499 1781 556 1838 per
567 1765 691 1823 seruitio
703 1765 735 1822 di
746 1764 833 1823 detto
844 1782 934 1823 sacro
949 1766 1083 1843 collegio
1098 1765 1129 1823 di
1145 1766 1267 1839 Napoli,
1279 1782 1342 1823 non
1358 1763 1590 1823 reseruandomi

358 1872 464 1928 niente
477 1871 508 1929 io
523 1888 540 1929 a
554 1889 615 1943 me,
631 1871 698 1929 solo
713 1870 732 1928 l’
748 1870 919 1930 obedienza
933 1874 984 1930 del
998 1874 1165 1948 superiore,
1180 1880 1262 1931 sotto
1278 1872 1306 1929 ia
1320 1874 1411 1946 quale
1422 1872 1463 1929 mi
1474 1872 1593 1929 rimetto

359 1995 447 2035 come
463 1979 483 2035 il
497 1977 626 2036 minimo
641 1978 672 2036 di
687 1978 772 2036 detta
788 1980 1040 2055 congregatione,
1055 1986 1086 2037 et
1100 1980 1152 2053 poi
1166 1979 1195 2037 la
1209 1986 1309 2037 morte
1328 1979 1398 2049 mia,
1418 1977 1592 2036 essendomi

358 2084 480 2158 spedite
490 2085 520 2141 le
531 2082 614 2141 boile
626 2085 656 2141 in
668 2102 801 2159 persona
812 2085 843 2143 di
854 2084 969 2161 Giulio‚
980 2093 1083 2144 nostro
1096 2086 1212 2158 nipote,
1224 2085 1316 2159 quale
1328 2102 1391 2141 non
1403 2083 1549 2155 uiuendo,
1562 2092 1595 2141 ut

358 2192 451 2248 decet
465 2199 498 2248 et
510 2190 530 2249 li
544 2178 626 2249 sacri
639 2193 749 2250 canoni
761 2193 997 2263 commandano,
1013 2210 1046 2250 se
1058 2193 1078 2250 li
1090 2193 1203 2250 habbia
1217 2210 1236 2249 a
1247 2192 1374 2262 donare,
1389 2208 1444 2249 sua
1459 2190 1522 2249 uita
1536 2191 1593 2249 du-

340 2351 346 2363 ,
358 2306 454 2369 rante,
466 2306 565 2355 trenta
577 2299 683 2356 ducati
694 2300 726 2357 di
737 2306 863 2357 moneta
874 2308 1016 2359 correntc
1028 2298 1047 2357 l'
1058 2317 1149 2373 anm,
1161 2316 1252 2375 sopra
1263 2300 1284 2357 li
1296 2300 1379 2357 frutti
1390 2300 1421 2356 di
1435 2298 1522 2355 detta
1537 2296 1592 2355 ab·

358 2405 441 2463 batia
453 2407 485 2463 in
496 2413 542 2463 tre
553 2407 663 2483 paghe;
675 2424 725 2465 ma
739 2408 876 2467 uiuendo
894 2416 928 2466 ut
944 2408 1035 2467 decet
1050 2409 1116 2466 etii
1134 2406 1213 2465 sacri
1225 2408 1338 2465 canoni
1355 2404 1592 2475 commandano,

359 2530 392 2569 sc
404 2509 423 2569 1’
435 2511 549 2571 habbia
559 2530 578 2571 a
589 2514 688 2570 donar
702 2522 794 2572 cento
810 2515 913 2573 ducati
928 2514 948 2572 l'
964 2532 1054 2585 anno,
1072 2532 1128 2573 sua
1143 2515 1205 2572 uita
1222 2515 1362 2583 durante,
1380 2512 1419 2569 de
1436 2511 1514 2569 ditta
1528 2528 1593 2569 mo

358 2628 430 2677 neta
449 2621 482 2679 di
500 2638 606 2697 regno,
627 2622 659 2679 in
678 2630 725 2705 tre
745 2624 856 2697 paghe,
875 2630 910 2680 ut
928 2640 1030 2696 supra,
1050 2638 1112 2680 non
1132 2628 1252 2679 ostante
1268 2621 1296 2677 le
1312 2620 1394 2678 boile
1409 2620 1540 2693 spedite.
1555 2619 1594 2677 Et

358 2728 446 2785 detto
461 2726 557 2785 breue
573 2746 607 2786 se
621 2729 764 2803 spedisse
778 2746 838 2787 con
853 2731 926 2807 ogni
941 2728 1070 2805 possibil
1085 2729 1221 2800 celerita,
1233 2728 1337 2789 auanti
1352 2730 1412 2785 che
1425 2744 1475 2799 me
1488 2744 1595 2801 sopra-

357 2851 513 2893 uennesse
528 2843 638 2905 morte,
654 2837 726 2909 quia
741 2837 877 2894 mortalis
892 2856 971 2909 sum,
986 2850 1019 2895 et
1032 2836 1183 2909 quottidie
1203 2852 1292 2893 curro
1307 2834 1347 2891 ad
1367 2841 1506 2892 mortem.
1526 2832 1593 2891 Ha-

357 2940 544 3000 uendomeci
559 2960 616 2999 sua
627 2944 749 3013 santita,
760 2960 849 3001 come
862 2962 964 3019 sper0,
979 2944 1075 3002 molto
1085 2943 1228 3017 propitio,
1240 2942 1311 3015 quia
1325 2958 1399 2998 caro
1413 2948 1445 2999 et
1456 2928 1593 3015 sanguis,

356 3064 416 3105 con
431 3049 462 3105 lo
476 3048 620 3122 predctto
633 3051 790 3127 conseglio
802 3052 947 3121 humane,
960 3069 1008 3109 me
1021 3052 1183 3125 decepere.
1196 3050 1301 3119 Resto‚
1313 3048 1453 3105 basaudo
1464 3047 1494 3104 le
1507 3064 1595 3105 sacre

357 3156 438 3213 mani
453 3156 486 3212 di
500 3154 539 3213 V.
554 3156 591 3215 K
607 3156 682 3228 Pa,
697 3164 729 3213 et
744 3158 772 3214 al
787 3158 964 3215 santissimo
978 3157 1131 3229 sacrifitiO,
1146 3164 1177 3214 et
1190 3155 1329 3226 orationi,
1340 3162 1371 3213 et
1386 3153 1591 3211 benedittioni

357 3262 387 3319 di
402 3263 508 3336 quella
521 3262 574 3320 del
589 3264 737 3322 continuo
751 3266 793 3321 mi
808 3265 1025 3336 raccomondo‚
1040 3265 1112 3337 qual
1126 3262 1180 3321 >Q
1196 3235 1268 3339 ogn'¹
1283 3263 1359 3320 hora
1372 3262 1402 3319 al
1417 3260 1596 3319 santissimo

356 3369 481 3427 seruitio
496 3368 598 3447 degna
611 3387 805 3445 prosperare.

418 3475 476 3533 Dal
491 3476 623 3552 collegio
640 3478 671 3533 di
686 3476 799 3552 Napoli
814 3478 866 3536 alii
880 3478 919 3535 28
935 3478 967 3535 di
981 3478 1153 3537 Setternbre
1172 3488 1256 3559 1522.

422 3582 466 3640 De
481 3582 519 3640 V.
536 3582 571 3639 R.
586 3582 619 3642 P.
635 3585 776 3654 servitor,
791 3584 945 3660 discipulo
960 3592 991 3643 ct
1004 3586 1087 3661 figlio
1102 3586 1132 3643 in
1148 3582 1273 3643 Christo
1289 3582 1490 3654 deditissimo,

1046 3693 1220 3751 Tuounsso
1234 3708 1275 3749 oa
1289 3690 1314 3748 F
1315 3707 1427 3749 sorno.

417 3795 591 3875 Inscriptio.
606 3802 628 3870 †
643 3798 682 3855 Al
697 3800 792 3857 molto
806 3799 886 3859 Rd0.
901 3801 999 3858 Padre
1014 3801 1045 3858 in
1055 3800 1110 3859 X.⁰
1124 3800 1412 3873 osservaudissimo‚
1424 3798 1444 3855 il
1455 3798 1486 3855 P.
1499 3796 1594 3857 bitro.

359 3901 478 3979 Ignatio
493 3904 533 3963 de
548 3905 678 3982 Loyola,
694 3908 855 3982 preposito
870 3907 951 3965 della
966 3906 1156 3984 Compagnia
1172 3907 1203 3964 di
1217 3906 1316 3980 Jesus
