3634 5417
450 537 552 594 lunas
571 549 794 608 eaasouaauu,
815 547 925 593 annun
944 549 987 593 sc
1004 549 1157 594 noconuu
1330 547 1383 606 717

221 688 355 744 Alviturn
369 689 564 761 proficiscitur
581 697 614 746 ut
632 690 775 761 Joannam

222 777 402 846 Aragoniam
432 778 468 833 ad
497 778 684 834 concordiam
707 795 776 832 cum

222 863 288 920 viro
307 881 362 920 suo
379 865 537 922 ineundam
555 863 692 932 adducat,
710 865 775 935 506,

222 951 285 1022 533,
305 953 369 1023 5343
390 954 578 1027 Cyperanum
601 953 673 1018 adit,
694 970 777 1009 sacra

223 1043 386 1098 ministeria
409 1051 540 1112 exercet,
562 1041 625 1116 533,
650 1041 777 1112 53431u-

222 1131 410 1186 theranorum
428 1133 518 1188 libros
537 1133 692 1204 improbat,
713 1129 776 1198 3383

223 1227 365 1286 montem,
378 1237 466 1293 quem
480 1230 587 1276 vocant
600 1219 778 1291 redemptio·

222 1307 280 1378 nis,
292 1307 447 1364 instituere
458 1309 625 1382 meditatur,
641 1321 700 1378 1773
712 1325 777 1378 gra·

224 1397 264 1451 tia
277 1413 293 1450 a
307 1396 446 1468 pontifice
460 1398 585 1453 donatur
603 1395 777 1452 extrahendi

222 1503 260 1540 ex
284 1486 375 1542 Urbis
397 1485 527 1542 basilicis
550 1503 699 1541 sacrorum
715 1501 778 1540 cor·

223 1592 326 1642 porum
336 1575 486 1650 reliquias,
495 1593 603 1649 easque
614 1577 650 1632 ad
660 1575 778 1631 diversa

224 1665 513 1738 locamittendi,1843
525 1685 556 1720 se
568 1674 690 1721 excusat
700 1663 778 1735 quod

224 1753 415 1810 conciliandis
428 1755 538 1827 nuptiis
552 1754 728 1810 Laurentiae
740 1753 778 1807 de

225 1843 309 1902 Onaz
321 1853 351 1898 et
366 1844 486 1916 Loyola,
498 1854 646 1917 tamquam
658 1841 778 1914 negotio

224 1949 307 1988 asna
324 1932 507 2005 professione
525 1934 634 2004 alieno,
648 1933 778 1988 animum

225 2030 343 2078 recuset
356 2023 516 2095 applicare,
533 2021 596 2095 3853
615 2029 779 2077 commotus

228 2123 300 2160 vero
331 2105 534 2177 magnitudine
569 2108 710 2162 malorum
742 2121 779 2160 ex

228 2195 406 2265 praedonum
447 2196 636 2252 infestatione
676 2211 780 2267 prove·

229 2284 390 2354 aientium,
417 2285 608 2340 vehementer
636 2284 718 2356 cupit
748 2290 781 2338 ut

228 2389 333 2444 magna
346 2373 465 2428 nauium
480 2374 583 2429 classis
596 2391 614 2429 a
631 2373 737 2430 Carolo
754 2373 781 2426 V

227 2461 407 2532 aedificetur,
423 2460 487 2530 3533
498 2462 576 2516 unde
587 2477 659 2535 opes
669 2469 700 2515 et
712 2462 781 2515 sub-

227 2549 302 2604 sidia
315 2550 351 2604 ad
365 2551 444 2606 illam
459 2550 669 2605 exstruendam
686 2548 781 2622 parari

228 2638 352 2710 possint,
367 2637 481 2710 edocet,
497 2637 560 2708 354.

191 2723 415 2796 II.-·Ignniius
434 2731 462 2781 et
482 2727 616 2782 Societas
634 2745 653 2782 a
672 2743 702 2782 se
715 2743 783 2781 con-

227 2817 433 2874 ditm-Dolet
458 2815 536 2888 quod
560 2813 708 2870 candidati
733 2813 783 2870 ad·

229 2903 384 2960 mittantur
417 2922 476 2960 non
506 2906 579 2962 satis
610 2903 781 2975 examinati,

211 3025 213 3032 >
228 2994 292 3063 2233
303 2994 341 3049 de
350 2993 471 3050 dotibus
481 2995 702 3050 candidatorum
713 2993 782 3050 scri·

229 3083 282 3152 bit,
298 3083 343 3154 3⁶3
355 3091 385 3137 et
395 3100 518 3142 examen
533 3082 699 3138 iaciendum
713 3091 782 3139 ante

229 3171 394 3242 ingressum
406 3171 543 3242 injungit,
555 3169 600 3244 3⁸3
616 3187 782 3227 mensuram

229 3277 281 3333 pro
293 3259 458 3316 candidatis
475 3261 590 3327 statuit,
609 3277 733 3332 eamque
746 3257 783 3314 ad

228 3349 347 3406 diversa
359 3352 423 3405 loca
437 3350 537 3420 mittit,
556 3359 617 3419 104,
640 3347 700 3420 106,
718 3359 781 3421 107,

230 3439 292 3511 5133
316 3437 548 3494 adolescentium
568 3438 628 3510 jus,
652 3438 784 3494 Societa-

230 3537 290 3586 tem
308 3527 397 3583 etiam
415 3527 517 3582 invitis
535 3527 707 3599 parentibus
724 3545 783 3582 am·

230 3617 435 3690 plectentium,
445 3624 544 3671 tuetur
554 3631 588 3670 ac
598 3625 718 3671 strenue
731 3615 783 3671 de·

213 3703 334 3774 tendit,
348 3705 453 3775 91-93;
472 3705 576 3758 statuit
595 3704 784 3761 nihilominus

230 3795 342 3850 nullum
357 3811 394 3848 ex
414 3793 599 3848 auditoribus
618 3803 783 3850 nostrarum

230 3882 394 3938 scholarum
421 3880 635 3936 admittendum
660 3899 728 3936 esse
754 3882 784 3937 in

231 3971 410 4027 Societatem
422 3971 486 4025 sine
497 3979 651 4041 parentum
660 3986 785 4027 consen·

229 4075 276 4130 su,
293 4073 354 4126 1113
369 4058 458 4114 rudes
468 4057 602 4114 homiues
614 4060 644 4114 in
655 4060 785 4115 Societa-

231 4159 290 4206 tem
301 4147 402 4221 recipi,
416 4147 480 4220 ipso
491 4163 549 4202 non
561 4149 743 4219 praemonito
753 4159 784 4206 et

230 4239 422 4311 approbante,
431 4235 551 4290 omnino
561 4237 707 4308 prohibet,
718 4239 784 4309 657·

230 4327 295 4395 eoo,
308 4325 373 4393 6623
387 4325 458 4398 quid
477 4324 542 4397 ipse
559 4323 647 4381 iaciat
664 4341 731 4382 cum
745 4327 783 4383 de

231 4415 317 4488 alicuj
322 4432 356 4471 us
367 4413 522 4470 vocatione
531 4413 671 4484 religiosa
679 4431 784 4472 conau-

231 4503 311 4576 litur,
327 4517 390 4574 542.

268 4593 443 4650 Animorum
467 4591 695 4664 disjunctionem
734 4592 785 4649 ad·

232 4695 336 4736 versus
359 4681 512 4736 caritatem
530 4690 694 4754 aversatur,
719 4682 783 4756 548,

867 701 931 761 5493
946 689 1011 744 vult
1024 697 1068 758 ut,
1081 688 1177 762 siqua
1193 689 1233 744 ait
1245 688 1323 744 inter
1336 688 1422 744 Lusi·

866 778 977 833 taniam
1002 785 1033 833 et
1062 777 1222 834 Castellum
1248 777 1418 850 disjunctio,

866 869 996 939 tollatur,
1008 870 1072 942 4643
1080 867 1281 923 obedientiam
1293 867 1422 922 maxime

866 956 1066 1028 commendat,
1091 957 1160 1024 561,
1186 957 1253 1025 5623
1284 973 1414 1027 auream,

866 1045 1005 1101 omnibus
1030 1045 1161 1102 numeris
1190 1047 1356 1102 absolutam
1382 1045 1423 1101 de

865 1135 923 1189 hac
944 1135 1055 1190 virtute
1074 1136 1229 1206 epistolam
1248 1134 1425 1205 conscribit,

866 1221 1098 1298 66931egnlasde
1107 1239 1163 1278 non
1173 1223 1322 1294 tangendo
1331 1224 1421 1280 alium

866 1319 897 1366 et
910 1309 1021 1366 deuon
1039 1310 1234 1382 ingrediendo
1252 1312 1281 1367 in
1300 1313 1423 1367 alterius

866 1400 1037 1456 cubiculum
1047 1403 1164 1473 probat,
1175 1401 1238 1470 2393
1250 1401 1287 1456 ad
1300 1416 1424 1474 pauper·

867 1496 959 1544 tatem
973 1488 1110 1546 alacriter
1122 1488 1273 1544 ferendam
1292 1505 1362 1547 suos
1374 1488 1423 1545 ad·

866 1579 1016 1648 bortatur,
1042 1577 1109 1651 5643
1135 1577 1294 1634 Societatis
1324 1587 1425 1632 tamen

868 1666 1071 1739 superioribus
1089 1665 1208 1721 mandat
1225 1675 1268 1737 ut,
1289 1683 1365 1739 quue
1386 1666 1423 1721 ad

868 1755 980 1811 victum
1005 1756 1172 1810 necessaria
1197 1755 1268 1827 sint,
1295 1754 1424 1810 subditis

868 1845 1042 1918 praebeant,
1056 1852 1147 1917 utque
1161 1844 1252 1900 libros
1270 1844 1307 1899 ad
1325 1858 1424 1917 prose·

868 1931 988 2004 quenda
1002 1933 1100 1988 studia
1122 1943 1303 2005 comparent:
1322 1934 1426 1989 inobe-
1446 1935 1449 1943 '

869 2022 986 2078 dientes
1005 2039 1076 2078 vero
1093 2022 1244 2078 ministros
1261 2022 1349 2077 domo
1371 2019 1425 2094 eji-

869 2111 961 2182 ciant,
972 2127 1036 2182 494,
1047 2127 1110 2183 5⁰43
1122 2111 1257 2183 probibet
1267 2109 1425 2184 quominus

870 2200 963 2256 nostri
980 2217 1048 2254 cum
1067 2199 1199 2256 externis
1218 2201 1282 2254 sine
1295 2199 1424 2272 superio·

869 2303 934 2343 rum
947 2303 1096 2342 consensu
1108 2289 1276 2359 loquantur,
1290 2299 1425 2359 121,122;

870 2393 967 2449 neque
987 2378 1051 2431 vult
1069 2384 1102 2432 ut
1118 2377 1234 2432 externi
1257 2377 1386 2447 hospitio
1408 2393 1426 2430 a
1498 2373 1502 2380 '

870 2463 980 2520 nostris
1001 2464 1196 2536 excipiantur,
1219 2463 1275 2519 nisi
1298 2474 1425 2535 urgente

870 2567 971 2624 causa,
985 2566 1050 2623 209,
1063 2551 1127 2622 315.

907 2640 1003 2696 Docet
1015 2657 1172 2714 quemnam
1186 2655 1307 2712 scopum
1320 2639 1351 2695 in
1367 2641 1427 2694 col·

870 2730 958 2800 legiis
971 2727 1161 2785 instituendis
1174 2727 1308 2784 intendat
1325 2727 1427 2784 Socie-

870 2825 926 2888 tas,
948 2815 1080 2888 408·413;
1098 2819 1241 2890 qualesve
1260 2835 1297 2871 ex
1318 2815 1424 2872 iisdem

871 2907 1016 2963 utilitates
1047 2907 1211 2979 percipiant
1242 2915 1301 2961 tam
1332 2907 1425 2962 nostri

871 3014 959 3069 quam
971 2997 1098 3066 externi,
1117 3011 1174 3069 5·9;
1195 2995 1309 3050 litteras
1323 2995 1427 3050 scribit

871 3083 910 3139 de
922 3085 1037 3140 ratione
1049 3083 1227 3156 procedendi
1245 3084 1275 3139 in
1294 3083 1429 3139 Societa-

872 3173 912 3229 tis
923 3173 1099 3245 gymnasiis,
1113 3186 1189 3243 9-11;
1204 3175 1268 3227 vult
1287 3181 1319 3227 ut
1333 3173 1363 3226 in
1377 3172 1431 3226 Hi·

872 3261 975 3333 spania
988 3267 1019 3315 et
1036 3259 1226 3330 Portugallia,
1248 3277 1328 3313 more
1346 3258 1429 3314 italo·

872 3367 949 3423 rum,
963 3348 1154 3405 instituantur
1166 3349 1305 3419 collegia,
1325 3359 1428 3421 17·19;

872 3438 952 3492 unde
963 3438 1089 3492 maxime
1099 3445 1254 3509 exspectet
1264 3435 1427 3493 uberrimos

873 3544 911 3582 ex
924 3528 1057 3598 collegiis
1070 3527 1263 3583 demetendos
1279 3545 1346 3582 esse
1363 3527 1429 3583 fru-

872 3625 950 3686 ctus,
963 3615 1104 3688 declarat,
1118 3616 1164 3687 34,
1177 3616 1223 3689 353
1244 3618 1428 3672 mutinenses

873 3704 979 3760 edocet
1000 3707 1192 3776 collegiorum
1217 3705 1345 3761 fructum
1368 3722 1428 3762 non

874 3809 912 3848 ex
928 3792 1115 3848 sacerdotum
1133 3792 1323 3850 multitudine
1341 3794 1428 3850 desu-

874 3882 1014 3937 mendum
1027 3898 1105 3949 esse,
1118 3899 1185 3936 cnm
1199 3899 1288 3954 saepe
1300 3884 1366 3953 plus
1382 3882 1429 3954 ju·

874 3987 967 4026 venes
997 3969 1131 4026 docendo
1161 3978 1192 4025 et
1226 3971 1430 4026 concionando

874 4059 1043 4127 conterant,
1078 4057 1151 4127 2383
1191 4068 1295 4115 censet
1331 4060 1430 4116 minus

874 4163 963 4221 quam
980 4147 1084 4202 decem
1101 4147 1228 4219 collegio
1245 4149 1429 4204 instituendo

873 4237 971 4293 socios
993 4254 1060 4292 esse
1082 4255 1140 4292 non
1163 4254 1259 4310 posse,
1283 4237 1346 4306 238;
1370 4255 1430 4293 non

874 4326 939 4381 vult
952 4333 986 4381 ut
998 4325 1124 4396 collegia
1135 4327 1367 4398 multiplicentur
1379 4325 1431 4381 do·

873 4431 929 4470 nec
947 4414 1084 4470 inchoata
1106 4415 1211 4471 melius
1229 4415 1430 4486 stabiliantur,

873 4503 937 4577 3813
964 4503 1092 4576 injungit
1117 4513 1151 4560 ut
1172 4505 1291 4577 collegii
1316 4507 1429 4562 romani

873 4594 957 4665 leges
966 4601 1102 4650 accurate
1113 4603 1279 4665 serventur,
1291 4608 1352 4663 too,
1366 4605 1430 4664 109,

877 4695 939 4755 1153
953 4681 1141 4739 commendat
1158 4690 1192 4739 ut
1204 4683 1337 4740 doctrina
1354 4684 1432 4740 chri·
