3634 5417
595 552 702 611 Epist.
722 551 876 623 utu-18
895 556 1012 611 Mnuru
1033 554 1102 625 1553
1373 558 1428 614 663

230 706 356 771 mando
370 706 403 773 la
419 706 516 792 copia
532 729 553 773 a
568 708 612 775 V.
631 708 666 776 S.
687 709 802 789 Rma.,
821 707 1069 795 aggiongendo
1089 711 1167 790 che,
1188 732 1225 777 se
1248 732 1318 777 uon
1333 712 1461 797 potessi

230 822 343 903 quella
360 843 419 907 per
435 822 582 907 qualche
599 833 714 909 tempo
730 821 860 905 venire,
882 826 974 890 forsa
994 808 1055 910 pei
1073 826 1106 893 le
1132 827 1349 913 occupationi
1374 829 1461 895 obli-

230 935 362 1021 gaton'e
378 958 400 1003 o
414 938 500 1006 altre
519 960 624 1009 cause
645 939 758 1025 graui,
778 939 911 1025 pareria
934 940 1132 1025 espediente
1151 944 1219 1009 che
1241 944 1286 1010 V.
1304 944 1341 1011 S.
1360 944 1457 1013 Rma.

229 1054 480 1121 racomandassi
496 1076 516 1120 a
532 1056 671 1139 qualch'
690 1077 760 1121 vno
775 1056 832 1123 del
848 1078 948 1123 sacro
967 1057 1113 1142 collegio
1135 1059 1201 1124 che
1222 1059 1408 1126 attendessi
1423 1058 1460 1125 in

228 1167 307 1233 loco
318 1187 382 1235 suo
395 1180 546 1253 aqu'esta
557 1191 673 1255 opera,
688 1170 766 1248 che,
781 1169 884 1254 dopoi
896 1171 955 1237 ch’
968 1172 989 1237 ἑ
1000 1172 1125 1257 partito
1136 1184 1151 1212 ²
1166 1174 1209 1238 de
1222 1174 1332 1240 Roma
1344 1172 1367 1238 il
1380 1195 1459 1239 car·

227 1282 341 1351 dinale
361 1283 405 1349 de
432 1285 606 1371 Augusta,
634 1308 715 1371 pare
731 1307 775 1353 ne
786 1281 917 1363 ¹habbia
945 1288 1053 1353 anche
1081 1288 1215 1375 magior
1229 1287 1378 1375 bisogno
1395 1292 1459 1359 che
1557 1295 1569 1317 “

228 1399 347 1482 prima,
366 1400 512 1467 essendo
528 1400 586 1485 qui
603 1401 791 1468 solamente
809 1413 859 1468 tre
880 1402 1075 1487 protectori,
1094 1405 1131 1472 8.
1145 1405 1289 1491 Jacobo,
1311 1405 1349 1472 S.
1368 1404 1402 1493 †‚
1422 1418 1457 1472 et

229 1516 358 1594 Puteo,
379 1514 470 1599 quali
492 1536 552 1602 per
574 1515 835 1601 indispositioni,
859 1538 880 1581 o
907 1518 1011 1584 molte
1031 1519 1117 1586 altre
1137 1518 1364 1605 occupationi,
1388 1541 1457 1587 non

227 1654 377 1717 possono
406 1646 504 1720 tropo
530 1633 724 1714 attendere,
745 1643 780 1701 et
801 1635 873 1699 sola
894 1655 961 1718 vna
983 1634 1074 1700 volta
1097 1634 1126 1699 si
1147 1654 1234 1701 sono
1253 1636 1456 1721 congregati

227 1750 316 1835 dopo
333 1752 399 1817 che
422 1749 445 1815 il
473 1748 618 1833 collegio
645 1752 673 1814 s'
702 1748 721 1817 ὲ
749 1748 965 1816 cominciato.
993 1750 1064 1815 Pur
1084 1749 1115 1815 ci
1136 1749 1373 1836 persuadiamo
1400 1753 1455 1818 nel

226 1858 353 1951 Signor
372 1878 490 1933 nostro
509 1865 588 1948 che,
611 1884 649 1931 se
669 1865 713 1931 V.
743 1865 780 1932 8.
808 1866 905 1931 Rma.
924 1886 986 1950 per
1001 1886 1047 1929 vn
1072 1874 1186 1950 tempo
1207 1864 1235 1932 si
1257 1866 1402 1932 trouassi
1419 1866 1453 1931 in

226 1982 345 2061 Roma,
363 1979 392 2047 si
408 1980 602 2047 riscaldaria
623 1991 658 2047 et
675 1978 758 2045 faria
776 1980 879 2045 molto
900 1978 1026 2061 inanzi‚
1044 1991 1080 2047 et
1099 1980 1129 2045 si
1149 1979 1313 2047 stabiliria
1334 1993 1455 2065 questa

224 2116 344 2181 opera,
367 2097 493 2183 perche
514 2117 594 2181 pare
621 2118 684 2163 sua
710 2094 827 2161 diuina
855 2095 985 2161 maesta
1012 2109 1112 2162 serua
1139 2106 1260 2182 questa
1288 2118 1454 2163 coronae

225 2213 267 2279 V.
286 2212 323 2281 S.
339 2214 451 2293 Rma.,
469 2211 560 2279 achi
576 2212 669 2279 dette
685 2211 717 2277 la
733 2212 840 2296 prima
855 2210 1077 2297 inspiratione
1093 2211 1137 2278 de
1152 2210 1380 2279 cominciarla.

291 2328 417 2395 Mando
432 2326 534 2395 etiam
553 2328 584 2393 la
600 2325 698 2411 copia
714 2328 757 2394 de
777 2326 889 2393 alcuni
907 2326 1047 2411 capituli
1063 2328 1107 2393 de
1120 2326 1236 2395 littere
1251 2328 1330 2393 delli
1346 2321 1458 2394 nostri
1495 2398 1502 2413 ,

223 2445 266 2510 de
283 2443 435 2524 Corsica,
454 2444 497 2509 de
514 2443 570 2510 cui
587 2441 748 2509 missione
769 2442 871 2509 etiam
891 2443 912 2509 ἑ
932 2452 1023 2509 stato
1045 2441 1211 2528 principio
1232 2454 1266 2510 et
1286 2442 1451 2529 principal

223 2568 363 2627 auctore
379 2560 422 2626 V.
442 2560 479 2627 S.
499 2560 597 2625 Rma.

290 2676 333 2741 Et
347 2672 569 2743 humilmente
581 2672 900 2740 recomendandomi
918 2694 938 2737 a
954 2672 1080 2757 quella,
1096 2693 1161 2742 con
1174 2683 1264 2739 tutta
1280 2674 1312 2739 la
1327 2694 1406 2741 casa
1416 2685 1450 2741 et

220 2788 434 2876 Compagnia
446 2799 563 2855 nostra
577 2787 726 2867 minima,
741 2809 809 2853 non
821 2786 896 2853 diro
912 2788 1011 2867 altro,
1025 2808 1065 2853 se
1082 2810 1151 2854 non
1164 2809 1272 2874 prego
1289 2790 1322 2854 la
1334 2788 1451 2856 diuina

221 2916 255 2973 et
268 2926 365 2971 suma
393 2904 497 2970 bonta
525 2904 682 2970 conserui
699 2916 734 2971 et
764 2904 949 2971 accrescha
969 2902 1005 2969 in
1022 2905 1065 2969 V.
1089 2905 1127 2972 S.
1151 2906 1245 2971 Rma.
1266 2904 1450 2973 continua-

220 3030 335 3089 mente
351 3021 374 3086 li
389 3020 470 3088 doni
486 3032 520 3087 et
536 3018 646 3105 gratie
661 3040 724 3087 sue
739 3018 918 3105 spirituali.

285 3140 339 3205 De
355 3139 462 3203 Roma
474 3122 520 3203 ’18
538 3136 581 3203 de
598 3139 713 3203 Marzo
735 3150 831 3219 1553.

284 3255 316 3319 A
333 3258 431 3339 tergo
445 3252 516 3317 alio
533 3272 653 3315 manu.
672 3252 780 3337 Supra
797 3251 821 3314 'l
838 3250 986 3336 collegio
1002 3250 1152 3318 Gerni.⁰⁰

284 3370 329 3435 Et
344 3371 427 3435 alia.
448 3370 532 3435 Post
548 3366 665 3435 scritta
682 3388 740 3452 per
757 3365 780 3431 il
796 3366 948 3433 cardinal
964 3370 1097 3433 Moron.

782 3530 884 3611 3289

556 3663 759 3731 SENATUI
788 3660 1104 3729 MORBENIENSI

638 3806 725 3851 noun
743 3794 898 3849 1811111111
914 3790 1014 3861 15531.

215 3912 331 3987 Magna
339 3912 426 3983 grati
438 3912 553 3965 umoris
565 3909 789 3983 significatione
801 3909 1018 3963 morbenienscs
1025 3909 1168 3961 hortatur
1178 3906 1319 3979 [pientius
1332 3912 1364 3961 ut
1372 3913 1444 3978 pro·

265 3999 372 4072 prium
391 3999 448 4053 sibi
464 3998 619 4054 curionem
637 3999 831 4061 constituant,
855 4014 921 4052 cum
942 3996 1145 4052 Golvnnellus
1164 3997 1328 4051 secundum
1347 3998 1444 4051 nostri

267 4088 403 4145 instituti
412 4088 492 4161 leges
504 4088 558 4142 illo
572 4104 695 4142 munere
703 4086 802 4159 fungi
816 4104 875 4141 uon
885 4086 990 4157 possit.

785 4210 861 4332 nis

247 4436 249 4441 ’
282 4412 388 4479 Molto
404 4409 576 4497 magnifici
592 4408 722 4495 signori
738 4406 805 4473 mei
822 4407 877 4475 nel
894 4406 1021 4493 Signor
1038 4418 1166 4473 nostro.

266 4634 280 4662 ι
316 4616 422 4690 partite
436 4633 491 4672 ms.

211 4734 407 4749 -—-n—-—0

266 4794 275 4825 ¹
314 4792 358 4845 Ex
375 4789 553 4861 apographo,
566 4787 597 4844 in
617 4784 690 4843 Coa.
716 4784 827 4849 Vitezt„
846 4802 874 4840 n.
897 4796 957 4857 191,
977 4782 1086 4854 duplici
1103 4781 1182 4839 folio.
1202 4781 1290 4836 Aliud
1312 4782 1436 4837 habetur
