3634 5417
603 501 706 560 Eersr.
726 497 881 568 saon-28
899 499 1015 556 marm
1036 497 1106 570 1553
1221 483 1224 489 ’
1377 494 1431 552 683

232 653 385 740 paruulis
412 653 625 733 conceditur,
656 673 800 734 quorum
824 673 950 740 magna
972 673 1106 741 semper
1131 652 1195 718 luit
1220 651 1373 738 penuria)
1393 651 1463 716 im·

232 791 400 838 memores
428 769 653 850 inueniamur3
684 768 767 854 quin
794 747 920 856 polius,
944 768 1258 836 animaduertentes
1281 767 1373 853 quod
1398 789 1465 834 nos

232 883 343 970 ipsum
362 865 589 972 nequaquam,
608 886 666 952 sed
683 884 755 970 ipse
772 906 835 950 nos
851 885 895 950 de
911 884 1042 950 mundo
1058 883 1214 970 elegerit,
1237 883 1268 952 ei
1288 883 1464 951 sacrifice-

229 1016 307 1067 mus
330 1001 476 1066 hostiam
500 1001 610 1066 laudis
630 1013 664 1068 et
681 1021 805 1072 nomen
821 1000 896 1068 eius
912 1022 1046 1088 semper
1062 999 1276 1068 inuocemus.
1295 1000 1365 1068 Sed
1380 998 1463 1085 quid

231 1117 329 1202 plura
345 1116 454 1183 dicam
472 1116 530 1182 cui
546 1116 707 1202 pauciora
722 1115 911 1186 sufficiant?

297 1233 495 1298 Admunus
509 1231 592 1297 mihi
610 1230 800 1298 iniunctum
818 1233 933 1313 reden,
952 1229 1116 1300 natoiam
1133 1231 1227 1298 fratri
1250 1251 1320 1297 rem
1341 1229 1464 1297 merito

230 1347 456 1433 gratissimam
475 1346 710 1428 nunciaturus3
729 1369 772 1414 en
788 1346 915 1432 accipe.
935 1348 977 1414 R.
998 1349 1038 1413 P.
1057 1346 1211 1434 Ignatius
1224 1348 1367 1413 fratrum
1380 1338 1463 1412 suo·

229 1483 305 1528 rum
319 1463 378 1548 (sic
391 1461 449 1546 ait)
462 1457 649 1549 cathalogo
667 1473 700 1528 te
716 1463 790 1528 vult
806 1447 1019 1549 inscriptum,
1036 1483 1077 1529 ac
1093 1473 1130 1528 rt
1145 1461 1253 1530 filium
1270 1463 1305 1528 in
1321 1461 1476 1530 Christo·

225 1579 308 1666 Jesu
331 1577 568 1646 charissimum
590 1578 710 1647 solitae
732 1578 907 1648 charitatis
928 1566 1140 1664 amplexibus
1167 1577 1318 1663 suscepit
1341 1577 1465 1644 confo-

230 1693 391 1760 uendum.
412 1696 589 1778 Quantum
607 1689 688 1760 vero
704 1694 748 1759 ad
764 1692 847 1759 illud
863 1714 973 1779 nuper
988 1703 1140 1762 erectum
1162 1692 1307 1777 eiusque
1330 1693 1462 1778 guber-

230 1807 333 1874 nandi
349 1807 557 1895 prouinciam
573 1808 706 1888 attinet,
724 1807 827 1903 stabit
844 1811 929 1876 Rev.
949 1810 989 1875 Ρ.
1005 1807 1174 1876 Leonardi
1187 1818 1335 1892 tuaeque
1347 1806 1461 1874 chari-

228 1923 307 1990 tatis
323 1924 475 2006 consili03
494 1926 559 1989 hoc
576 1945 682 1990 vnum
698 1926 869 2004 admonet,
888 1946 933 1993 ne
947 1923 994 2010 ita
1010 1945 1072 1990 vos
1087 1923 1136 1989 illi
1152 1923 1298 2010 negocio
1317 1921 1460 1990 intrice·
1540 1932 1547 1946 “

228 2037 284 2121 tis,
308 2050 346 2105 vt
367 2061 435 2106 non
457 2061 518 2127 pro
541 2039 692 2119 arbitrio,
715 2039 743 2106 si
760 2041 847 2108 forte
864 2051 982 2132 postea
997 2039 1170 2108 videretur
1187 2040 1351 2125 (nondum
1366 2037 1459 2105 enim

227 2165 433 2240 assequutus
448 2165 501 2223 est
517 2155 684 2242 integram
702 2156 776 2222 eius
792 2155 982 2239 rationem),
1001 2154 1138 2242 possitis
1154 2155 1312 2223 extricari
1331 2157 1353 2221 ⁵.

296 2271 434 2340 Valebis
454 2293 553 2358 ergo,
576 2271 776 2338 charissime
799 2271 916 2352 frater,
941 2283 988 2352 et,
1013 2293 1082 2358 qua
1106 2270 1273 2339 foeliciter
1296 2268 1457 2356 coepisti,

253 2410 291 2456 er
317 2408 367 2456 ea.

230 2408 253 2473 p
291 2409 422 2571 llomae
439 2524 460 2570 v
477 2503 636 2572 calendas
652 2503 781 2590 Aprilis
798 2525 866 2585 1.11J
883 2524 987 2591 supra
1002 2500 1346 2588 sesquimillesimum.

289 2621 396 2708 Jussu
414 2621 455 2690 R.
475 2621 530 2699 Ρ.,

939 2738 1088 2804 Paraus
1104 2723 1276 2804 Sucurusfi

292 2847 486 2936 Inscriptio,
507 2850 717 2918 Charissimo
733 2853 768 2918 in
785 2825 925 2920 Christo
944 2849 1050 2932 fratri,
1070 2854 1172 2919 Mtro.
1184 2849 1309 2939 Joanni
1322 2849 1457 2928 Riedt0,

226 2957 383 3046 moranti,
402 2966 460 3032 vbi
478 2971 511 3035 et
529 2977 712 3048 natusest,
731 2967 907 3034 Coloniae.

277 3172 288 3205 ⁵
325 3171 417 3244 Haec,
434 3172 564 3228 nonnihil
578 3174 769 3242 subobscura,
784 3190 822 3228 ex
835 3172 955 3228 Polanci
968 3171 1135 3226 narratione
1147 3173 1323 3227 clarescunt:
1345 3169 1454 3240 «Magi-
1494 3166 1497 3170 ’

224 3267 286 3314 ster
298 3260 576 3330 JoannesRetius...
589 3263 659 3316 licet
673 3271 774 3316 votum
784 3279 869 3316 suurn
882 3261 1006 3316 Romam
1017 3260 1139 3328 miserit,
1155 3269 1322 3315 nontamen
1336 3260 1370 3314 P.
1385 3259 1459 3312 Leo·

224 3348 313 3404 nardo
326 3349 486 3422 [Kasselio]
498 3350 697 3418 cohabitabat,
707 3349 761 3404 sed
774 3351 804 3405 in
817 3349 952 3420 Collegio
965 3349 1158 3419 Coronarum,
1169 3347 1220 3403 ubi
1232 3348 1311 3420 prius
1323 3349 1458 3403 versaba-

224 3446 282 3504 tur,
295 3439 431 3498 mansit.»
445 3439 626 3506 PoLANCUS,
642 3439 764 3503 chron,
780 3440 815 3506 ll,
829 3439 891 3508 582,
903 3448 934 3494 et
945 3437 1045 3510 paucis
1059 3437 1232 3508 interjectis,
1248 3454 1316 3508 pag.
1330 3437 1391 3507 286,
1405 3438 1457 3491 ite·

126 3517 137 3536 “
222 3541 296 3580 rum:
312 3525 473 3598 «Sperabat
482 3526 560 3582 idem
579 3527 613 3581 P.
630 3527 799 3582 Leonardus
820 3527 943 3581 multum
963 3527 1032 3584 boui
1054 3525 1091 3580 ad
1105 3526 1283 3580 Societatem
1299 3534 1458 3596 proventu·

222 3631 286 3670 rum
299 3631 377 3684 esse,
397 3615 422 3670 si
437 3616 576 3686 Magister
590 3617 719 3688 joannes
742 3616 845 3672 Retius
866 3614 1151 3670 administrationem
1177 3614 1304 3684 Collegii
1329 3614 1457 3670 Corona·
1535 3643 1546 3658 ι

224 3719 287 3758 rum
300 3704 474 3776 susciperet.
498 3704 683 3776 Significavit
700 3705 889 3760 nihilominus
912 3704 944 3759 P.
964 3703 1078 3774 Ignatio
1092 3705 1165 3758 utile
1179 3703 1275 3760 iore...
1294 3703 1320 3758 si
1333 3703 1457 3758 Romam

222 3791 358 3848 venisset
371 3800 401 3848 et
414 3811 461 3847 res
475 3793 632 3848 Societatis
646 3792 775 3865 penitius
789 3793 828 3848 ibi
843 3793 1068 3864 cognovisset.»
