3634 5417
607 514 712 573 Errsr.
733 512 1058 586 2343.-12Jauunau
1078 525 1146 582 ¹552
1421 516 1454 574 81

259 669 336 735 eius
354 680 407 739 est
422 648 566 755 ditione)
587 669 763 735 decretum
786 665 1017 752 transmitens,
1039 687 1109 751 quo
1130 668 1195 734 sub
1215 670 1494 759 exeommunica-

263 784 358 853 tione
373 794 408 853 et
424 782 500 851 aliis
515 780 614 871 penis
629 794 818 853 caueuatur
839 804 884 851 ne
905 782 983 869 quis
1002 784 1047 851 de
1062 781 1233 852 Societate
1248 785 1334 873 Jesu
1350 788 1393 854 ad
1409 808 1494 855 con-

261 899 483 981 cionandum,
501 902 556 969 vel
573 898 807 981 confessiones
830 897 1030 979 audiendas,
1053 900 1109 965 vel
1124 898 1217 965 aliud
1241 916 1493 969 sacramentum

260 1014 581 1095 administrandum,
606 1014 676 1081 imo
691 1035 755 1084 nec
771 1012 815 1079 ad
836 1012 958 1081 missas
973 1014 1136 1083 dicendas
1164 1014 1415 1098 admitteretur,
1434 1040 1494 1106 per

261 1130 426 1200 ecclesias
437 1130 541 1217 jussit
554 1128 776 1218 promulgari.

330 1248 418 1315 Cum
440 1246 476 1314 id
492 1246 617 1314 nostris
644 1244 862 1325 innotuisset,
892 1255 973 1313 ante
999 1246 1307 1333 promulgationem
1329 1247 1494 1317 vicarium

262 1366 403 1445 adeunt,
421 1362 615 1431 cuiusmodi
631 1362 676 1429 sit
693 1362 763 1429 hoc
778 1363 956 1430 decretum
972 1375 1232 1447 percontantur,
1247 1377 1282 1432 et
1296 1366 1496 1435 facultatem

264 1504 286 1547 a
300 1480 383 1549 sede
398 1478 587 1567 apostolica
603 1476 845 1564 amplissimam
859 1477 903 1543 ad
915 1498 968 1556 ea,
983 1497 1073 1562 quae
1087 1477 1367 1567 archiepiscopus
1380 1481 1496 1568 prohi-

264 1597 337 1675 bet,
355 1594 515 1663 obeunda
532 1593 730 1661 ostendunt.
751 1594 799 1659 At
815 1590 976 1671 vicarius,
994 1591 1053 1677 qui
1075 1604 1212 1660 nostros
1231 1593 1358 1679 alioqui
1373 1595 1497 1685 dilige·

264 1826 350 1893 mihi
375 1826 508 1895 litteras
535 1824 755 1913 apostolicas,
778 1834 812 1892 et
840 1824 1085 1910 supersedebo.
1116 1824 1351 1912 lntimatisque
1376 1830 1496 1897 eadem

263 1953 365 2011 nocte
380 1941 515 2028 litteris,
534 1940 698 2009 nuncium
714 1939 818 2007 mittit
835 1939 1009 2028 proprium
1027 1939 1188 2022 vicarius,
1207 1953 1243 2008 et
1259 1941 1429 2029 significat
1440 1968 1496 2012 ar—

265 2058 485 2145 chiepiscopo
500 2056 708 2125 Societatem
726 2068 876 2123 nostram
893 2056 1032 2125 abunde
1046 2056 1242 2123 facultatem
1260 2059 1303 2124 ad
1314 2080 1357 2126 ea
1368 2059 1495 2141 omnia,

263 2195 353 2259 quae
368 2175 544 2241 decretum
560 2171 776 2259 prohibebat,
794 2192 814 2237 a
829 2192 966 2238 summo
981 2171 1141 2257 pontifice
1157 2174 1296 2241 habere.
1317 2174 1498 2242 Nihilomi-

263 2312 331 2358 nus
345 2288 403 2357 ille
418 2287 530 2377 (facile
545 2288 662 2355 videas
678 2308 748 2373 quo
762 2287 885 2375 spiritu
900 2286 1079 2373 impulsus)
1095 2288 1234 2375 publice
1255 2311 1317 2376 per
1332 2294 1498 2361 ecclesias
1537 2302 1541 2308 ’

267 2407 521 2493 complutenses
537 2424 639 2471 suurn
655 2404 832 2470 decretum
848 2423 928 2469 curn
945 2402 1153 2470 offendiculo
1169 2404 1318 2473 maximo
1333 2407 1498 2493 plurimo-

269 2544 345 2589 rum
357 2519 462 2608 jussit
478 2518 699 2607 promulgari.

336 2638 521 2705 Accedunt
538 2634 647 2703 nostri
663 2636 707 2701 ad
724 2634 857 2721 regium
874 2615 1069 2715 consilium,
1090 2646 1127 2704 et
1147 2636 1278 2703 litteras
1297 2639 1501 2725 apostolicas

268 2752 436 2822 videndas
452 2752 647 2829 offerentes
661 2751 794 2835 justum
813 2748 965 2817 fauorem
982 2751 1026 2817 ad
1042 2750 1133 2817 sedis
1155 2752 1361 2839 apostolicae
1382 2756 1500 2821 volun·

201 2907 203 2919 ι
270 2879 375 2937 tatem
391 2868 629 2953 exequendam
648 2876 781 2951 petunt3
799 2876 834 2932 at
851 2864 913 2947 illi,
930 2866 1052 2933 litteris
1067 2866 1244 2953 inspectis,
1267 2880 1303 2937 et
1318 2852 1445 2939 deuote
1459 2894 1501 2939 ac

269 2992 469 3054 reuerenter
492 2980 702 3069 approbatis,
733 2982 777 3047 ad
806 2981 992 3050 favendum
1019 2981 1185 3049 Societati
1207 2984 1307 3053 valde
1327 2988 1499 3073 propensi,

270 3111 477 3181 statuerunt,
490 3110 528 3164 vt
546 3119 606 3185 per
623 3097 822 3165 uniuersum
841 3118 988 3183 regnum
1000 3096 1108 3164 nostri
1124 3098 1196 3164 suis
1207 3098 1400 3187 priuilegiis
1416 3102 1503 3170 libe-

268 3239 307 3285 re
323 3226 514 3297 vtereutur,
532 3224 568 3281 et
593 3212 759 3281 secularis
777 3212 933 3297 justitiae
957 3213 1121 3299 presideS,
1139 3224 1176 3280 vt
1196 3214 1324 3301 vbique
1347 3217 1500 3286 fauorem

270 3342 463 3418 prestarent
478 3329 654 3408 Societati,
673 3339 708 3396 et
723 3328 949 3415 gubernatori
963 3317 1125 3409 toletano,
1140 3342 1177 3394 vt
1191 3330 1256 3416 ipsi
1272 3332 1501 3419 archiepisco·

270 3470 314 3534 po
330 3446 461 3514 litteras
476 3444 682 3533 apostolicas
697 3444 885 3525 intimaret,
904 3444 1091 3511 iusserunt.

339 3564 427 3629 Cum
444 3572 560 3628 autem
578 3559 698 3638 nostri,
717 3560 941 3646 Complutum
959 3560 1156 3641 redeuntes,
1175 3560 1328 3647 capitulo
1349 3585 1503 3633 summae

271 3675 440 3746 ecelesiae
456 3676 562 3765 (quod
578 3698 621 3745 ex
636 3674 838 3743 doctoribus
853 3684 888 3743 et
905 3675 1005 3743 valde
1025 3674 1183 3741 litteratis
1202 3678 1400 3746 bominibus
1420 3701 1503 3747 con-

271 3792 351 3877 stat)
366 3792 503 3861 easdem
531 3792 664 3859 litteras
690 3789 901 3870 intimarent,
931 3789 1046 3857 statim
1063 3789 1114 3856 illi
1132 3792 1312 3859 ecclesiam
1341 3816 1440 3862 suam
1461 3799 1504 3865 ad

272 3907 470 3989 conciones
492 3918 528 3977 et
543 3906 675 3989 missas,
703 3916 739 3973 et
766 3882 982 3974 sacramenta
1004 3906 1275 3975 administranda
1299 3909 1506 3995 perlibenter

273 4024 486 4091 obtulerunt.

342 4140 431 4208 Cum
449 4151 563 4205 autem
580 4136 858 4225 archiepiscopus
870 4137 965 4203 nulla
977 4149 1171 4204 nostrorum
1183 4137 1425 4220 submissione,
1440 4162 1505 4207 nec

274 4275 456 4344 procerum
475 4251 662 4341 Hispaniae
678 4249 800 4319 litteris
822 4248 1032 4321 Societatem
1049 4252 1349 4336 comendantibuS,
1369 4276 1434 4325 uec
1449 4278 1505 4323 ra-

275 4370 427 4439 tionibus
441 4370 581 4437 demum
598 4367 674 4434 vllis
690 4368 733 4434 ab
749 4365 889 4453 inceptu
906 4368 1009 4435 vellet
1024 4366 1202 4450 desistere,
1218 4369 1394 4454 multaque
1408 4370 1506 4437 inso-

275 4488 386 4556 lenter
400 4486 584 4553 admodum
601 4482 742 4564 diceret,
759 4484 901 4549 Romam
918 4482 1025 4549 nostri
1041 4482 1264 4570 scripserunt.
1280 4487 1330 4551 At
1343 4487 1382 4552 P.
1398 4486 1444 4553 N.
1458 4488 1503 4556 D.

274 4602 430 4690 Ignatius
445 4620 582 4668 sumum
600 4598 795 4686 pontificem
816 4598 948 4681 adiens,
971 4598 1098 4679 omnia,
1119 4620 1209 4685 quae
1229 4598 1508 4691 archiepiscopus

246 4740 249 4745 ⁴
275 4716 493 4799 moliebatur,
511 4725 639 4796 narrat,
657 4726 693 4781 et
709 4726 747 4779 vt
769 4712 970 4794 remedium,
995 4714 1086 4799 quod
1108 4714 1255 4783 maxime
1276 4730 1507 4803 opportunum

409 4828 512 4877 Horou.
526 4826 739 4893 mure-surr..
751 4838 811 4873 rou.
828 4826 876 4873 tv.
1064 4867 1067 4871 .
1358 4837 1372 4873 e
