3634 5417
622 525 726 580 Eersr.
747 527 1004 598 274t.-2oJus.11
1025 539 1093 596 ¹552

288 811 291 816 Ι
808 668 914 788 2742
985 685 990 696 ’
1060 783 1062 789 ,

363 847 516 916 PATER
539 849 841 935 JOANNES-DE
865 850 1093 918 POLANCO
1118 852 1180 917 EX
1205 851 1357 918 COMM.

601 990 721 1046 PATRt
744 989 928 1050 ADRIANO
948 991 1119 1079 ADRIANI

674 1129 762 1174 noua
782 1131 818 1174 20
835 1129 913 1184 Jusn
933 1131 1002 1188 155²
1020 1117 1042 1172 ¹.

242 1241 281 1296 Iu
295 1241 472 1297 Societatem
485 1242 626 1298 adsciscit
641 1242 835 1298 Goissonium
847 1247 877 1300 et
892 1241 1086 1307 Guferrium,
1100 1243 1267 1314 eisdemque
1280 1261 1368 1298 iesum
1381 1243 1477 1315 privi-

296 1329 448 1403 legiorum
475 1332 635 1387 Societatis
656 1333 691 1387 iu
709 1331 786 1404 soro
810 1332 1018 1396 conscientiae,
1044 1334 1298 1404 quemadmodum
1326 1335 1476 1406 Quiuliuo

296 1415 455 1484 Chorlart,
468 1420 620 1478 attribuit.
634 1420 745 1489 -Quid
756 1415 927 1494 superiores
941 1422 1049 1478 locales
1059 1423 1186 1493 possint,
1199 1424 1291 1480 docet.

842 1539 860 1590 †

260 1648 265 1655 .
824 1593 891 1659 lhs.

311 1723 383 1789 Pax
399 1723 458 1792 X}

310 1837 429 1907 treve
446 1842 549 1906 Pater
562 1852 598 1908 et
614 1839 649 1907 in
665 1841 731 1908 X.⁰
742 1843 827 1930 Jesu
843 1840 1054 1911 charissime.

312 1956 378 2023 Per
394 1956 624 2024 valetudinem
642 1977 739 2024 suam
757 1957 828 2026 fere
843 1977 979 2042 semper
994 1958 1171 2026 adversam
1188 1979 1266 2024 curn
1283 1979 1353 2025 non
1365 1960 1475 2045 possit

244 2073 348 2139 Pater
364 2071 399 2138 in
416 2073 482 2138 X.⁰
505 2082 620 2140 noster
635 2072 800 2160 magister
820 2071 975 2160 Ignatius
992 2075 1197 2160 respondere
1217 2076 1261 2140 D.
1282 2067 1473 2143 Ursmaro¹

243 2207 309 2254 nec
324 2186 371 2257 D.
388 2187 548 2268 Guterio,
567 2209 629 2255 nec
651 2186 733 2254 mihi
755 2201 856 2256 vacet
876 2187 1074 2274 singillatim
1095 2189 1273 2275 vtriusque
1290 2189 1395 2257 literis
1419 2212 1470 2256 re-

242 2304 423 2388 spondere,
454 2305 495 2370 T.
528 2303 617 2371 Rtia.
649 2303 781 2370 facilius
804 2303 952 2390 idipsum
977 2304 1163 2390 praestabit
1185 2307 1302 2384 verbu,
1329 2305 1474 2372 dicendo

243 2420 336 2502 quod
353 2419 455 2486 Pater
471 2429 588 2488 noster
606 2432 789 2504 utrumque
806 2429 845 2486 ut
860 2418 968 2486 filium
985 2429 1020 2487 et
1036 2423 1174 2488 fratrem
1188 2421 1222 2486 in
1237 2423 1301 2487 X.⁰
1314 2420 1473 2488 charissi-

243 2555 338 2600 mum
357 2534 507 2601 admittit
522 2545 558 2602 et
573 2535 609 2600 in
626 2537 693 2602 hac
710 2547 828 2602 nostra
849 2533 1021 2607 Societate
1042 2536 1130 2602 vlnis
1151 2535 1325 2608 charitatis
1345 2537 1473 2624 ample-

243 2649 360 2720 ctitur.
379 2653 423 2718 Et
437 2651 466 2717 si
484 2653 625 2718 Romam
643 2651 827 2719 mittendos
844 2673 922 2720 esse
937 2651 1124 2732 censueris,
1143 2651 1289 2720 libenter
1302 2650 1474 2738 excipien-

243 2777 312 2848 tur;
330 2766 515 2852 licebitque
536 2764 671 2836 interim
692 2769 737 2835 D.
756 2768 920 2836 Ursmaro
940 2765 1121 2835 Societatis
1141 2767 1330 2854 priuilegiis
1350 2765 1412 2848 vti,
1437 2779 1475 2834 ut

242 2884 287 2950 D.
307 2878 477 2968 Quintino
497 2884 523 2963 ³,
547 2883 583 2948 in
607 2883 680 2950 foro
700 2882 945 2950 conscientiae.
965 2883 1069 2968 Quod
1091 2881 1231 2968 perinde
1252 2893 1304 2950 est
1321 2903 1360 2950 ac
1376 2882 1406 2950 si
1422 2883 1475 2949 di-

245 3019 373 3078 cerem,
391 2996 466 3065 sine
490 2997 702 3086 pattentibus
717 2997 836 3078 literis,
855 3019 943 3082 quae
960 2997 1087 3064 offendi
1110 2997 1253 3084 possint,
1272 2999 1408 3066 easdem
1425 2998 1476 3070 eis

244 3114 427 3181 facultates
442 3113 597 3194 concedi;
616 3115 676 3181 sed
692 3112 759 3180 illis
774 3124 936 3200 poterunt
953 3125 987 3181 et
1000 3112 1033 3179 in
1048 3113 1321 3180 confessionibus
1333 3113 1474 3183 audien-

241 3228 295 3296 dis
310 3239 346 3295 et
361 3229 397 3295 in
414 3229 489 3296 aliis
504 3229 570 3316 piis
585 3227 821 3295 functionibus
837 3229 1001 3298 Societati
1017 3227 1193 3295 consuetis
1215 3229 1264 3294 vti
1284 3227 1420 3315 publice
1438 3241 1474 3296 et

243 3344 417 3431 priuatim.
441 3346 519 3412 Nan
540 3344 613 3434 [sic]
635 3356 670 3411 to
694 3343 747 3410 «in
770 3345 843 3410 foro
863 3323 1113 3411 conscientiae»
1129 3344 1175 3410 ad
1192 3345 1329 3410 modum
1348 3365 1473 3418 conce-

242 3460 359 3540 dendi,
378 3481 447 3527 non
464 3462 507 3527 ad
523 3459 759 3528 executionem
777 3458 964 3546 gratiarum
982 3480 1235 3542 concessarum,
1251 3458 1411 3546 pertinet.

309 3574 405 3662 Quid
420 3575 528 3662 possit
545 3574 758 3663 praepositus
773 3563 905 3654 localis,
929 3573 1061 3659 quaerit
1083 3576 1123 3642 T.
1149 3575 1237 3641 Rtia.
1262 3597 1329 3642 non
1352 3575 1473 3642 imme-

242 3693 321 3772 rito,
344 3703 379 3760 et
400 3690 566 3758 absolutis
586 3689 726 3757 omnino
748 3689 1052 3758 constitutionibus
1068 3690 1250 3759 Societatis
1266 3691 1301 3755 id
1320 3689 1475 3758 exactius

242 3807 425 3894 intelliget.
445 3807 583 3877 Interim
600 3810 665 3874 hoc
682 3806 717 3872 in
734 3827 863 3892 genere
878 3806 1086 3875 intellexisse
1109 3807 1267 3884 sufficiat,
1292 3807 1384 3892 quod
1405 3828 1473 3872 non

243 3923 341 4009 quasi
358 3945 422 3990 suo
439 3922 513 3991 iure
528 3923 610 4004 vllo,
628 3923 690 3990 sed
706 3943 749 3990 ex
766 3933 931 3991 consueta
949 3922 1131 4010 praepositi
1146 3923 1316 4010 generalis
1332 3943 1473 3989 conces·

241 4040 341 4108 sione
357 4052 470 4126 potest
486 4037 703 4125 praepositus
719 4038 850 4120 localis,
869 4060 958 4124 quae
973 4039 1016 4106 ad
1033 4037 1327 4106 conseruationem
1348 4049 1383 4106 et
1403 4037 1473 4123 spi-

243 4155 403 4223 ritualem
421 4153 612 4242 profectum
629 4175 769 4221 suorum
791 4163 827 4222 et
842 4163 1060 4220 externorum
1082 4151 1351 4221 aedificationem
1369 4151 1472 4240 perti·

295 4317 303 4349 ¹
342 4316 387 4372 Ex
410 4315 589 4388 apographo,
611 4315 642 4370 in
665 4311 738 4370 cua.
763 4311 868 4368 Coton.
891 4311 951 4386 tlt,
974 4311 1025 4374 fol.
1048 4325 1093 4383 79.
1117 4313 1189 4366 Eam
1212 4311 1306 4368 edidit
1326 4313 1473 4384 Hansnu,

239 4424 288 4476 op.
302 4405 367 4473 cit„
378 4421 445 4477 pag.
459 4417 525 4460 too.

291 4500 304 4530 ¹
341 4478 500 4552 Ursmarus
512 4491 698 4564 Goissonius,
712 4491 750 4546 de
762 4507 820 4564 quo
832 4489 895 4562 agit
907 4491 1089 4561 POLANCUS,
1107 4487 1234 4556 Cirrata,
1248 4489 1372 4560 111,283,
1386 4507 1473 4563 quem

241 4584 322 4641 vide.
348 4583 510 4655 Epistolam
524 4589 624 4637 autem
647 4581 779 4637 Guterrii
800 4579 837 4636 de
856 4579 980 4653 Fadilla,
996 4579 1044 4635 cui
1063 4596 1140 4635 nunc
1159 4565 1303 4636 Polancus
1325 4577 1473 4650 rescribit,
1520 4649 1523 4657 .

239 4673 310 4729 alibi
323 4671 480 4729 edidimus.
497 4671 593 4744 Epist.
609 4669 733 4735 Mixtus,
749 4669 788 4738 tl,
801 4669 864 4739 716.
1235 4683 1238 4690 ·
1538 4682 1542 4692 ·

294 4765 306 4796 ⁵
342 4759 506 4833 Quintiuus
519 4759 664 4816 Charlart.
