3634 5417
526 573 631 628 Errsr.
647 570 806 641 -2867.*10
824 570 1029 626 8333333310
1051 580 1119 639 ¹552
1352 580 1406 639 419

105 726 109 729 ’
195 725 373 794 scretione
389 726 513 791 dittara
529 727 594 793 che
608 722 780 793 debbiano
795 724 961 810 adoperar
976 724 1009 793 le
1023 743 1118 791 arme
1134 743 1298 791 concesse
1314 722 1371 790 nel
1388 722 1438 789 di·

203 840 289 906 uino
305 840 449 907 seruitio
466 852 500 908 et
516 841 585 905 ben
602 839 692 908 delle
707 837 831 906 anime.

269 959 322 1023 2.⁰
369 937 525 1024 Aduerta
541 956 564 1022 il
583 956 692 1023 Padre
708 956 776 1022 don
792 953 959 1024 Siluestro
974 957 1040 1022 che
1054 953 1078 1019 il
1091 955 1159 1021 fine
1172 953 1206 1019 di
1220 964 1340 1039 questa
1355 953 1437 1020 mis-

195 1072 298 1139 sione
325 1084 361 1140 et
387 1070 583 1139 visitatione
606 1072 642 1137 di
661 1070 803 1138 Corsica
823 1072 844 1138 e
864 1070 1144 1157 principalmente
1167 1091 1227 1155 per
1241 1068 1437 1137 informarsi

194 1187 281 1255 delli
293 1179 431 1273 biso‘gni
443 1186 610 1272 spirituali
622 1186 657 1252 di
668 1187 793 1271 quella,
809 1197 844 1252 et
855 1185 1039 1253 informare
1053 1184 1165 1271 questi
1182 1185 1270 1251 Rmi.
1290 1183 1435 1271 signori,

195 1326 220 1368 3
236 1303 295 1369 chi
310 1304 347 1371 S.
367 1304 405 1372 S.
423 1302 447 1367 li
463 1304 508 1369 ha
524 1323 728 1383 commesso‚
747 1312 844 1369 tanto
860 1302 895 1369 di
911 1300 1027 1387 quelli,
1047 1312 1176 1385 quanto
1195 1298 1275 1369 delli
1297 1300 1437 1369 remedii

193 1420 265 1487 che
280 1438 435 1505 pensano
450 1417 584 1484 seriano
599 1417 706 1483 buoni
722 1439 783 1505 per
798 1416 1003 1484 subuenirlir
1019 1414 1336 1484 secundariamente
1348 1437 1436 1482 van-

197 1552 246 1599 no
262 1556 323 1620 per
339 1532 517 1600 rimediare
531 1528 648 1617 quello
662 1530 730 1602 che
746 1544 915 1618 potranno
927 1552 994 1598 eon
1004 1532 1124 1599 essetto
1137 1552 1202 1598 con
1215 1531 1239 1597 li
1252 1531 1358 1599 mezzi
1371 1534 1435 1600 che

195 1646 451 1735 ,giudicaranno
467 1646 703 1716 conuenienti.
1239 1720 1243 1729 .

268 1764 321 1849 3.⁰
367 1764 553 1831 Conforme
568 1785 589 1829 a
604 1773 727 1848 questo
742 1764 765 1829 l'
783 1764 890 1831 offitio
905 1765 978 1831 loro
994 1764 1069 1831 seri
1085 1762 1368 1850 principalmente
1381 1761 1435 1827 vi-

196 1880 315 1959 sitare,
334 1880 521 1965 predicare,
539 1879 646 1960 septir
662 1878 882 1959 confessioni,
900 1878 1077 1947 admonire
1093 1879 1384 1947 amoreuolmente
1400 1892 1436 1946 et

194 1994 301 2061 etiarn
323 1994 531 2081 riprendere.
557 1996 621 2063 Del
641 1994 775 2080 punire,
797 2016 867 2060 non
890 1996 1037 2063 essendo
1060 1995 1092 2059 la
1116 2016 1219 2061 causa
1244 1996 1376 2079 grande
1400 2006 1435 2061 et

197 2121 359 2198 vrgente,
378 2132 464 2196 poco
480 2110 507 2176 si
524 2110 642 2178 debhe
651 2132 751 2177 usare
766 2111 825 2175 alli
841 2109 1008 2197 principii,
1027 2122 1061 2177 et
1078 2131 1143 2176 con
1164 2110 1351 2190 destrezza;
1378 2132 1435 2176 ma

196 2226 438 2313 giudicandosi
463 2230 527 2295 che
547 2248 567 2292 a
587 2228 619 2291 la
640 2228 699 2311 piu
720 2240 815 2311 parte
837 2237 873 2295 et
892 2224 1037 2313 meglior
1058 2225 1092 2291 di
1114 2226 1217 2311 quelli
1239 2226 1328 2294 della
1346 2236 1435 2293 terra

200 2340 331 2427 pareria
348 2343 449 2421 bene,
462 2352 498 2409 et
514 2321 585 2407 non
602 2342 764 2410 temendo
779 2341 1025 2427 impedimento
1042 2342 1098 2409 nel
1114 2362 1178 2408 suo
1191 2341 1437 2427 procederesi

199 2450 386 2541 potrianno'
396 2457 576 2525 estendere
592 2456 695 2523 etiarn
711 2458 767 2523 nel
783 2457 917 2543 punire.

266 2574 320 2653 44⁰
367 2573 521 2637 Essendo
537 2572 640 2638 molte
656 2571 824 2639 necessita
837 2569 1018 2657 spirituali,
1037 2572 1101 2639 alle
1117 2572 1210 2657 quali
1226 2592 1265 2638 se
1278 2572 1401 2638 habbia
1414 2592 1434 2638 a

198 2687 401 2773 prouedere,
415 2700 450 2755 et
462 2709 532 2754 non
544 2687 724 2774 potendosi
737 2688 893 2755 satisfare
910 2710 929 2754 a
947 2698 1047 2763 tutte,
1066 2689 1094 2753 si
1112 2688 1270 2756 debbeno
1287 2686 1431 2775 pigliare

195 2803 217 2865 l'
235 2801 381 2887 imprese
398 2803 456 2889 piri
471 2802 669 2888 importanti
684 2816 718 2869 et
736 2802 871 2869 fattibili
887 2815 922 2870 et
939 2824 1043 2871 senza
1056 2802 1206 2889 periculo
1217 2802 1261 2869 de
1273 2801 1432 2870 disturbo

195 2918 253 2986 nel
270 2917 403 3003 magior
419 2918 560 2984 seruitio
576 2916 707 2985 diuino.
1234 2922 1238 2932 '

261 3032 314 3117 5.⁰
360 3034 497 3100 Benchd
513 3034 543 3099 s’
560 3032 686 3099 habbia
702 3054 723 3098 a
737 3032 856 3119 seguir
871 3034 895 3099 l'
914 3032 1034 3121 ordine
1049 3032 1130 3099 delli
1146 3032 1276 3119 signori
1293 3034 1337 3103 de
1353 3034 1427 3101 Ge·

194 3169 264 3216 nua
280 3160 409 3234 quanto
426 3171 446 3214 a
462 3148 599 3217 visitare
616 3148 724 3234 prima
738 3170 785 3213 vn
802 3149 877 3214 loco
894 3150 961 3214 che
976 3148 1032 3215 vn'
1045 3149 1146 3231 altre,
1161 3169 1198 3215 se
1210 3149 1245 3215 lo
1258 3150 1426 3227 daranno;

191 3265 331 3349 quando
352 3286 421 3329 non
442 3264 579 3330 dessino
600 3264 646 3330 tal
668 3264 800 3345 ordine,
823 3264 900 3331 anzi
921 3264 1082 3334 restasia
1106 3264 1139 3331 la
1162 3285 1225 3331 sua
1244 3263 1426 3343 electione,

193 3381 302 3465 prima
329 3382 505 3447 douerano
528 3381 655 3448 andare
677 3379 734 3446 3111
757 3378 848 3446 lochi
871 3379 932 3466 piu
956 3360 1144 3467 principali,
1171 3378 1250 3447 delli
1274 3380 1366 3464 quali
1391 3400 1429 3445 se

190 3496 335 3568 estende
351 3497 373 3560 il
390 3496 485 3561 huon
499 3494 668 3580 essempio
684 3506 720 3562 et
734 3495 840 3563 odore
856 3494 914 3561 alli
931 3494 1020 3577 altri,
1038 3516 1060 3561 o
1080 3515 1162 3561 vero
1183 3518 1203 3561 3
1223 3493 1316 3561 lochi
1339 3493 1429 3593 doue

189 3610 292 3695 epid
312 3624 458 3696 urgente
478 3610 501 3676 il
524 3610 682 3696 bisogno,
707 3627 744 3677 et
763 3631 886 3677 manco
910 3610 1117 3696 compatisce
1141 3612 1173 3676 la
1197 3609 1379 3691 dilatione,
1407 3632 1428 3675 0

193 3746 278 3792 uero
292 3726 383 3793 doue
399 3724 574 3793 sentirano
589 3726 647 3811 piu
664 3726 783 3795 fauore
799 3737 834 3794 et
850 3746 974 3792 manco
990 3725 1154 3793 dificulta.

228 3861 230 3864 ·
257 3838 310 3904 6.⁰
356 3840 511 3907 Essendo
528 3850 624 3906 tanto
640 3838 846 3926 importante
861 3840 894 3906 13
910 3839 1151 3909 beneuolentia
1168 3841 1222 3907 del
1236 3840 1376 3927 populu,
1391 3850 1427 3907 et

190 3953 349 4022 massime
362 3954 451 4022 delle
463 3976 608 4040 persone
620 3954 803 4041 maggiori,
818 3955 862 4023 de
873 3954 929 4021 cui
942 3954 1062 4041 agiuto
1078 3954 1254 4041 spirituale
1270 3954 1426 4022 redunda

187 4070 321 4155 magior
336 4070 437 4148 bene,
456 4069 639 4157 procurino
654 4092 748 4137 esser
764 4069 867 4137 amati
883 4071 928 4136 da
949 4070 1029 4136 tutti
1049 4091 1115 4137 con
1138 4068 1425 4138 dimonstratione

185 4184 224 4249 di
239 4206 320 4252 vera
336 4186 467 4251 charita
484 4196 519 4253 et
540 4186 614 4253 zelo
634 4184 819 4271 purissimo
838 4188 883 4254 de
902 4187 934 4252 13
955 4185 1066 4254 salute
1086 4186 1130 4251 de
1152 4204 1214 4253 sue
1237 4184 1363 4263 anime,
1389 4196 1425 4253 et
1454 4236 1456 4241 .

186 4298 429 4385 specialmente
445 4301 525 4368 delli
541 4300 671 4368 offitiali
687 4303 777 4370 della
796 4300 948 4389 signoria
969 4300 1004 4367 in
1026 4301 1176 4383 Corsica,
1202 4312 1237 4369 et
1257 4300 1337 4369 delli
1362 4322 1422 4368 ve·

185 4415 283 4481 scoui
299 4427 333 4481 et
351 4418 460 4483 anche
477 4416 556 4483 delli
574 4417 675 4485 stessi
690 4397 822 4504 signori
838 4417 873 4482 in
888 4418 1026 4495 Genua,
1044 4415 1080 4481 in
1098 4418 1143 4481 tal
1160 4416 1262 4481 modo
1278 4437 1423 4481 aumen-

187 4531 293 4596 tando
309 4534 342 4597 la
356 4531 533 4599 diuotione
548 4533 622 4601 loro
638 4554 738 4601 verso
753 4533 789 4599 di
802 4554 841 4600 se
857 4544 891 4599 et
907 4534 996 4599 della
1013 4530 1240 4618 Compagnia,
1264 4533 1329 4599 che
1351 4550 1420 4596 non

185 4647 370 4712 manchino
385 4649 473 4715 nelle
490 4670 571 4717 cose
586 4651 629 4715 de
642 4650 664 4714 l'
683 4648 789 4715 offitio
805 4660 841 4715 et
857 4647 973 4716 debito
990 4670 1065 4715 suo.
1088 4708 1090 4711 .

252 4764 304 4842 7.⁰
352 4766 418 4828 Per
434 4764 548 4847 quello
564 4766 629 4832 che
645 4763 790 4851 imposta
805 4766 871 4831 che
886 4763 914 4829 si
931 4764 1019 4830 veda
1035 4782 1128 4831 esser
1148 4762 1260 4829 aliena
1281 4760 1325 4827 da
1346 4761 1421 4827 loro
