3634 5417
593 525 697 581 Eetsr.
717 521 868 582 Bou-31
890 519 1097 592 Maaru1553
1372 516 1427 588 ⁶⁸5

224 680 326 748 etiam
344 689 482 766 propter
498 679 600 746 huius
618 679 710 748 vrbis
725 691 761 746 et
776 679 892 748 curiae
912 689 1051 757 statum,
1074 701 1163 764 quae
1183 699 1262 744 cum
1284 677 1320 742 in
1344 674 1464 744 maiori

225 796 328 863 huius
344 794 528 882 spiritualis
544 795 660 861 auxilii
678 795 892 875 necessitate,
912 816 1014 879 quam
1032 794 1116 860 aliae
1132 793 1304 872 ciuitates,
1321 792 1366 860 sit
1377 812 1463 858 cou-

226 913 361 992 stituta,
380 910 552 980 uberiores
568 912 603 978 in
619 934 659 980 ea
676 911 820 994 fructus,
839 933 943 996 quam
958 910 1039 977 alibi
1054 931 1118 978 nos
1133 919 1356 996 percepturos
1368 907 1462 975 arbi-

229 1037 370 1095 tramur.

295 1144 454 1211 Alterum
482 1154 547 1223 est,
570 1144 662 1228 quod
683 1165 763 1209 cum
784 1145 850 1210 hoc
874 1141 1058 1227 collegium
1082 1141 1185 1208 trium
1207 1141 1404 1226 linguarum
1430 1150 1466 1208 et

228 1257 415 1326 liberalium
440 1258 564 1324 artium
591 1279 631 1324 ac
655 1258 891 1344 philosophiae
913 1279 954 1326 ac
976 1257 993 1298 ‘¹
1015 1257 1213 1344 theologiae
1235 1255 1463 1327 scholasticae

229 1374 352 1442 studiis
368 1373 505 1460 insigne
520 1373 565 1440 sit
581 1375 748 1454 futurum,
765 1385 883 1460 vtpote
899 1374 992 1459 quod
1007 1375 1131 1441 habeat
1148 1395 1217 1439 non
1235 1373 1337 1438 modo
1349 1370 1466 1440 erudi-

231 1489 378 1557 tissimos
406 1490 628 1575 professores
658 1491 719 1556 sed
748 1489 849 1558 etiarn
878 1490 1048 1571 assiduos,
1074 1489 1201 1574 quique
1225 1487 1468 1554 scholasticum

227 1604 411 1672 exercendi
427 1626 555 1670 morem
572 1626 616 1671 ex
631 1603 796 1670 lutetiana
812 1604 988 1672 academia
1003 1604 1039 1670 in
1056 1606 1123 1671 hoc
1140 1603 1324 1690 collegium
1350 1605 1467 1668 tradu-

230 1731 322 1801 cant,
348 1720 471 1785 mirum
495 1719 529 1785 in
554 1721 693 1786 modum
718 1719 851 1788 iuuabit
875 1720 1018 1801 ltaliam,
1043 1719 1079 1787 in
1104 1721 1202 1786 cuius
1226 1719 1364 1804 quidem
1392 1739 1467 1784 aca-

231 1835 351 1904 demiis
367 1837 436 1902 duo
456 1835 522 1902 ista
544 1835 756 1921 potissimum
778 1823 1027 1916 desiderantur,
1053 1835 1236 1902 assiduitas
1257 1834 1395 1919 inquam
1417 1835 1469 1900 le·

232 1950 385 2018 ctionum
406 1961 441 2018 et
462 1950 672 2020 exercitatio.
697 1953 816 2036 ltaque
837 1953 914 2036 plus
935 1952 993 2018 hic
1015 1951 1124 2030 breui,
1147 1972 1248 2036 quam
1266 1948 1346 2016 alibi
1363 1951 1470 2035 longo

234 2079 400 2152 tempore,
430 2067 597 2132 bonarum
626 2065 801 2132 literarum
828 2066 986 2146 studiosi,
1011 2078 1050 2131 vt
1072 2087 1262 2152 speramus,
1289 2086 1472 2152 promoue-

236 2183 332 2248 bunt:
347 2192 382 2249 et
394 2193 551 2250 caeterae
565 2181 706 2248 forsitan
722 2193 735 2222 ⁰
751 2181 959 2261 academiae,
977 2193 1096 2248 nostro
1111 2182 1269 2266 exemplo
1284 2177 1469 2260 excitatae,

236 2295 337 2362 etiam
352 2297 388 2361 in
404 2293 511 2362 literis
527 2295 737 2364 iuuabuntur
753 2295 853 2383 (sicut
870 2317 939 2363 non
956 2295 1072 2363 multis
1088 2295 1213 2362 abhinc
1228 2295 1240 2335 f
1257 2295 1357 2362 annis
1377 2295 1474 2362 cirea

237 2411 335 2479 verbi
348 2409 413 2478 Dei
426 2409 711 2496 praedicationem
725 2410 873 2497 accidit).
887 2413 978 2478 Cum
989 2411 1080 2480 enim
1096 2411 1281 2478 conciones
1298 2433 1338 2478 ac
1352 2432 1473 2479 sacrae

237 2526 428 2614 scripturae
443 2525 605 2594 lectiones
622 2526 679 2592 vix
694 2525 730 2592 in
746 2526 1009 2613 quadragesima
1023 2537 1059 2594 et
1073 2527 1229 2595 aduentu
1247 2529 1382 2608 fierent,
1407 2528 1476 2595 So·

237 2641 373 2710 cietatis
389 2643 545 2727 exemplo
561 2653 765 2722 commotae,
780 2663 841 2728 per
856 2651 966 2708 totum
983 2663 1110 2710 annum
1128 2643 1357 2728 frequentant.

306 2757 462 2826 Tertium
485 2768 512 2839 ⁸,
538 2760 732 2842 quodcum
757 2757 890 2825 celebre
914 2759 1017 2826 fuerit
1039 2761 1106 2826 hoc
1129 2758 1326 2845 collegium,
1350 2758 1476 2827 studiis

240 2873 392 2941 omnium
409 2875 576 2940 bonarum
593 2875 767 2942 literarum
782 2895 824 2942 ac
838 2873 1031 2942 hvirtutum
1042 2877 1150 2942 decus
1161 2875 1226 2943 erit
1239 2897 1279 2942 ac
1290 2897 1475 2944 ornamen-

242 3001 314 3056 tum
336 3009 405 3056 non
427 2989 571 3074 vulgare
592 2987 695 3056 huius
718 2988 809 3058 sedis
833 2989 1055 3077 apostolicae,
1080 3012 1169 3077 quae
1192 3011 1271 3058 cum
1294 2990 1302 3032 ³
1323 2990 1478 3058 omnium

241 3102 399 3190 gentium
415 3123 457 3170 ac
473 3104 649 3170 nationum
667 3105 777 3172 oculis
792 3107 939 3190 luceque
954 3106 1019 3173 sita
1038 3105 1096 3187 sit,
1114 3117 1149 3173 et
1164 3109 1309 3173 multum
1327 3129 1411 3174 sane
1433 3108 1478 3174 ad

239 3240 456 3288 communem
485 3218 651 3290 ecclesiae
673 3220 854 3290 utilitatem
878 3221 992 3303 iaciat,
1018 3220 1111 3289 illam
1134 3223 1225 3308 apud
1248 3243 1369 3290 omnes
1390 3224 1480 3290 bene

239 3334 370 3414 audire,
390 3334 574 3419 studioque
591 3335 755 3403 virtutum
772 3336 974 3422 praedicari,
987 3337 1131 3404 dubium
1144 3359 1214 3404 non
1226 3349 1279 3404 est
1291 3337 1375 3422 quin
1390 3358 1478 3423 opus

242 3453 306 3517 hoc
318 3449 362 3518 sit
374 3449 467 3518 Deoj
480 3449 771 3537 acceptissimum,
785 3473 826 3518 ac
838 3473 880 3520 eo
892 3452 1050 3538 amplius,
1069 3475 1139 3538 quo
1152 3453 1265 3540 magis
1282 3453 1478 3539 exemplum

215 3565 224 3590 ⁸
241 3565 477 3635 huiuscemodi
495 3565 659 3634 virtutum
676 3568 845 3634 hactenus
860 3567 896 3634 in
913 3571 978 3634 hac
994 3568 1078 3635 vrbe
1093 3569 1335 3654 desyderatum
1351 3579 1416 3636 est.

310 3683 480 3766 Quartum
496 3693 562 3762 est,
580 3683 675 3766 quod
691 3682 735 3748 ad
750 3681 943 3768 legationes
957 3682 1050 3752 sedis
1069 3683 1275 3770 apostolicae
1295 3663 1475 3750 obeundas

245 3798 348 3884 (quod
363 3795 535 3884 proprium
551 3808 604 3864 est
623 3797 731 3864 nostri
753 3797 767 3838 ¹¹
788 3797 947 3884 instituti)
971 3821 1041 3866 non
1065 3800 1282 3868 mediocriter
1304 3803 1478 3870 conducet

244 3912 426 4000 collegium
439 3915 504 3980 hoc
519 3915 640 3982 florere
656 3913 690 3979 in
706 3925 905 4002 conspectu,
924 3927 1029 4002 atque
1043 3916 1130 3985 adeo
1145 3915 1181 3982 in
1196 3915 1204 3956 ¹
1220 3917 1329 3983 oculis
1346 3917 1431 4004 ipsis
1442 3931 1478 4000 ¹¹³,

245 4027 280 4095 in
296 4049 364 4113 quo
380 4051 451 4096 non
467 4027 566 4114 pauci
583 4049 785 4116 magnarum
802 4049 917 4098 rerum
932 4030 1131 4118 cognitione
1142 4032 1280 4119 optimis
1297 4045 1312 4072 ¹¹
1324 4033 1480 4100 moribus

246 4143 402 4211 instructi
428 4143 653 4230 reperiantur,
678 4145 737 4232 qui
752 4147 796 4212 ad
813 4146 1058 4214 omnebonum
1074 4123 1162 4234 opus
1177 4160 1192 4188 ⁰
1207 4170 1269 4234 pro
1286 4149 1350 4216 Dei
1367 4149 1479 4236 gloria
1576 4141 1579 4148 ’

244 4269 281 4328 et
298 4259 487 4326 animarum
502 4261 613 4328 salute
628 4261 845 4328 subeundum
867 4272 1005 4358 praesto
1028 4262 1110 4344 sint,
1135 4262 1219 4350 quin
1243 4265 1358 4350 potius
1381 4263 1479 4346 hinc,

301 4566 365 4620 det
383 4563 438 4620 atr.
477 4579 524 4608 ..e
545 4563 643 4620 forsan
660 4563 715 4618 alt.
753 4565 801 4607 -s
822 4564 891 4620 hinc
909 4566 965 4623 alt.
1003 4581 1053 4620 -s
1077 4569 1229 4624 eotnddit
1248 4569 1340 4624 rau.»
1376 4571 1427 4612 -b
1451 4580 1483 4626 et

247 4653 304 4712 alt.
341 4656 472 4710 -icum
493 4653 523 4710 in
548 4654 604 4712 ott.
642 4653 900 4711 -tneosirata
940 4659 992 4700 ..t
1010 4657 1103 4712 nostri
1120 4665 1168 4712 est
1184 4657 1240 4712 att.
1277 4660 1483 4718 -1Daastin

248 4744 341 4799 ‹latta›
380 4760 436 4788 .-m
449 4743 541 4816 ipsius
551 4744 606 4804 alt.
639 4759 690 4787 ..n
702 4742 880 4818 optimisque
890 4746 947 4802 alt.
978 4748 1302 4818 -oopmbonumatt,
