<?xml version="1.0" encoding="UTF-8"?>
<!DOCTYPE html PUBLIC "-//W3C//DTD XHTML 1.0 Transitional//EN"
    "http://www.w3.org/TR/xhtml1/DTD/xhtml1-transitional.dtd">
<html xmlns="http://www.w3.org/1999/xhtml" xml:lang="en" lang="en">
 <head>
  <title>
</title>
<meta http-equiv="Content-Type" content="text/html;charset=utf-8" />
  <meta name='ocr-system' content='tesseract 3.04.00' />
  <meta name='ocr-capabilities' content='ocr_page ocr_carea ocr_par ocr_line ocrx_word'/>
</head>
<body>
  <div class='ocr_page' id='page_1' title='image "./monumentaignati00unkngoog_0060.png"; bbox 0 0 3634 5417; ppageno 0'>
   <div class='ocr_carea' id='block_1_1' title="bbox 392 560 1178 630">
    <p class='ocr_par' dir='ltr' id='par_1_1' title="bbox 392 560 1178 630">
     <span class='ocr_line' id='line_1_1' title="bbox 392 560 1178 630; baseline 0 -15"><span class='ocrx_word' id='word_1_1' title='bbox 392 573 427 630; x_wconf 84' lang='lat'>54</span> <span class='ocrx_word' id='word_1_2' title='bbox 772 560 979 616; x_wconf 69' lang='lat' dir='ltr'>Monurrsnrn</span> <span class='ocrx_word' id='word_1_3' title='bbox 998 560 1178 617; x_wconf 67' lang='lat' dir='ltr'>leuantur</span> 
     </span>
    </p>
   </div>
   <div class='ocr_carea' id='block_1_2' title="bbox 239 710 1582 800">
    <p class='ocr_par' dir='ltr' id='par_1_2' title="bbox 239 710 1582 800">
     <span class='ocr_line' id='line_1_2' title="bbox 239 710 1582 800; baseline -0.002 -21"><span class='ocrx_word' id='word_1_4' title='bbox 239 736 243 745; x_wconf 65' lang='lat'><strong><em>¹</em></strong></span> <span class='ocrx_word' id='word_1_5' title='bbox 355 714 413 793; x_wconf 88' lang='lat' dir='ltr'>sit,</span> <span class='ocrx_word' id='word_1_6' title='bbox 431 714 692 784; x_wconf 80' lang='lat' dir='ltr'>constituamus.</span> <span class='ocrx_word' id='word_1_7' title='bbox 704 714 801 799; x_wconf 73' lang='lat' dir='ltr'>¹Cum</span> <span class='ocrx_word' id='word_1_8' title='bbox 818 712 926 800; x_wconf 85' lang='lat' dir='ltr'>igitur</span> <span class='ocrx_word' id='word_1_9' title='bbox 942 724 1022 781; x_wconf 87' lang='lat' dir='ltr'>tuae</span> <span class='ocrx_word' id='word_1_10' title='bbox 1037 713 1252 799; x_wconf 81' lang='lat' dir='ltr'>prudentiae,</span> <span class='ocrx_word' id='word_1_11' title='bbox 1270 735 1359 799; x_wconf 84' lang='lat' dir='ltr'>quae</span> <span class='ocrx_word' id='word_1_12' title='bbox 1374 722 1426 779; x_wconf 87' lang='lat' dir='ltr'>est</span> <span class='ocrx_word' id='word_1_13' title='bbox 1442 710 1479 777; x_wconf 92' lang='lat' dir='ltr'>in</span> <span class='ocrx_word' id='word_1_14' title='bbox 1490 714 1582 797; x_wconf 89' lang='lat' dir='ltr'>Xpo.</span> 
     </span>
    </p>
   </div>
   <div class='ocr_carea' id='block_1_3' title="bbox 354 826 1589 1839">
    <p class='ocr_par' dir='ltr' id='par_1_3' title="bbox 354 826 1589 1607">
     <span class='ocr_line' id='line_1_3' title="bbox 355 826 1586 915; baseline -0.002 -19"><span class='ocrx_word' id='word_1_15' title='bbox 355 831 445 909; x_wconf 81' lang='lat' dir='ltr'>lesu,</span> <span class='ocrx_word' id='word_1_16' title='bbox 464 829 497 894; x_wconf 90' lang='lat' dir='ltr'>in</span> <span class='ocrx_word' id='word_1_17' title='bbox 515 828 808 897; x_wconf 84' lang='lat' dir='ltr'>administratione</span> <span class='ocrx_word' id='word_1_18' title='bbox 825 840 963 896; x_wconf 89' lang='lat' dir='ltr'>nostrae</span> <span class='ocrx_word' id='word_1_19' title='bbox 979 828 1162 897; x_wconf 88' lang='lat' dir='ltr'>Societatis</span> <span class='ocrx_word' id='word_1_20' title='bbox 1177 828 1212 893; x_wconf 91' lang='lat' dir='ltr'>in</span> <span class='ocrx_word' id='word_1_21' title='bbox 1229 850 1338 915; x_wconf 85' lang='lat' dir='ltr'>regno</span> <span class='ocrx_word' id='word_1_22' title='bbox 1353 826 1586 914; x_wconf 74' lang='lat' dir='ltr'>portugalliae</span> 
     </span>
     <span class='ocr_line' id='line_1_4' title="bbox 355 942 1589 1031; baseline -0.006 -19"><span class='ocrx_word' id='word_1_23' title='bbox 355 945 624 1031; x_wconf 82' lang='lat' dir='ltr'>experimentum</span> <span class='ocrx_word' id='word_1_24' title='bbox 645 945 782 1013; x_wconf 86' lang='lat' dir='ltr'>abunde</span> <span class='ocrx_word' id='word_1_25' title='bbox 809 943 1018 1030; x_wconf 88' lang='lat' dir='ltr'>ceperimus,</span> <span class='ocrx_word' id='word_1_26' title='bbox 1048 955 1083 1010; x_wconf 91' lang='lat' dir='ltr'>te</span> <span class='ocrx_word' id='word_1_27' title='bbox 1104 943 1140 1010; x_wconf 92' lang='lat' dir='ltr'>in</span> <span class='ocrx_word' id='word_1_28' title='bbox 1167 943 1398 1031; x_wconf 88' lang='lat' dir='ltr'>praepositum</span> <span class='ocrx_word' id='word_1_29' title='bbox 1427 942 1589 1028; x_wconf 84' lang='lat' dir='ltr'>superius</span> 
     </span>
     <span class='ocr_line' id='line_1_5' title="bbox 354 1058 1586 1147; baseline -0.002 -21"><span class='ocrx_word' id='word_1_30' title='bbox 354 1060 467 1127; x_wconf 90' lang='lat' dir='ltr'>dictae</span> <span class='ocrx_word' id='word_1_31' title='bbox 483 1060 679 1147; x_wconf 92' lang='lat' dir='ltr'>prouinciae</span> <span class='ocrx_word' id='word_1_32' title='bbox 700 1081 778 1126; x_wconf 92' lang='lat' dir='ltr'>cum</span> <span class='ocrx_word' id='word_1_33' title='bbox 800 1059 892 1125; x_wconf 89' lang='lat' dir='ltr'>omni</span> <span class='ocrx_word' id='word_1_34' title='bbox 914 1081 955 1126; x_wconf 87' lang='lat' dir='ltr'>ea</span> <span class='ocrx_word' id='word_1_35' title='bbox 971 1060 1185 1141; x_wconf 85' lang='lat' dir='ltr'>auctoritate,</span> <span class='ocrx_word' id='word_1_36' title='bbox 1204 1080 1306 1145; x_wconf 85' lang='lat' dir='ltr'>quam</span> <span class='ocrx_word' id='word_1_37' title='bbox 1324 1058 1423 1125; x_wconf 90' lang='lat' dir='ltr'>nobis</span> <span class='ocrx_word' id='word_1_38' title='bbox 1448 1068 1586 1143; x_wconf 88' lang='lat' dir='ltr'>aposto-</span> 
     </span>
     <span class='ocr_line' id='line_1_6' title="bbox 355 1173 1584 1256; baseline -0.003 -15"><span class='ocrx_word' id='word_1_39' title='bbox 355 1174 419 1241; x_wconf 91' lang='lat' dir='ltr'>lica</span> <span class='ocrx_word' id='word_1_40' title='bbox 434 1176 533 1243; x_wconf 89' lang='lat' dir='ltr'>sedes</span> <span class='ocrx_word' id='word_1_41' title='bbox 555 1186 589 1241; x_wconf 91' lang='lat' dir='ltr'>et</span> <span class='ocrx_word' id='word_1_42' title='bbox 611 1173 874 1243; x_wconf 89' lang='lat' dir='ltr'>constitutiones</span> <span class='ocrx_word' id='word_1_43' title='bbox 897 1186 1036 1241; x_wconf 89' lang='lat' dir='ltr'>nostrae</span> <span class='ocrx_word' id='word_1_44' title='bbox 1056 1175 1263 1256; x_wconf 88' lang='lat' dir='ltr'>concedunt,</span> <span class='ocrx_word' id='word_1_45' title='bbox 1285 1173 1509 1254; x_wconf 83' lang='lat' dir='ltr'>instituimus3</span> <span class='ocrx_word' id='word_1_46' title='bbox 1527 1194 1584 1238; x_wconf 90' lang='lat' dir='ltr'>ro·</span> 
     </span>
     <span class='ocr_line' id='line_1_7' title="bbox 354 1288 1585 1379; baseline 0 -24"><span class='ocrx_word' id='word_1_47' title='bbox 354 1310 547 1377; x_wconf 87' lang='lat' dir='ltr'>gamusque</span> <span class='ocrx_word' id='word_1_48' title='bbox 563 1292 674 1379; x_wconf 85' lang='lat' dir='ltr'>Deum</span> <span class='ocrx_word' id='word_1_49' title='bbox 691 1289 893 1357; x_wconf 90' lang='lat' dir='ltr'>altissimum</span> <span class='ocrx_word' id='word_1_50' title='bbox 912 1301 950 1356; x_wconf 92' lang='lat' dir='ltr'>ut</span> <span class='ocrx_word' id='word_1_51' title='bbox 966 1292 1009 1359; x_wconf 89' lang='lat' dir='ltr'>ad</span> <span class='ocrx_word' id='word_1_52' title='bbox 1026 1292 1094 1357; x_wconf 90' lang='lat' dir='ltr'>hoc</span> <span class='ocrx_word' id='word_1_53' title='bbox 1110 1311 1236 1358; x_wconf 89' lang='lat' dir='ltr'>munus</span> <span class='ocrx_word' id='word_1_54' title='bbox 1252 1290 1380 1359; x_wconf 90' lang='lat' dir='ltr'>vtiliter</span> <span class='ocrx_word' id='word_1_55' title='bbox 1395 1291 1439 1357; x_wconf 88' lang='lat' dir='ltr'>ad</span> <span class='ocrx_word' id='word_1_56' title='bbox 1454 1288 1585 1355; x_wconf 90' lang='lat' dir='ltr'>anima-</span> 
     </span>
     <span class='ocr_line' id='line_1_8' title="bbox 354 1404 1588 1493; baseline 0.001 -23"><span class='ocrx_word' id='word_1_57' title='bbox 354 1427 429 1470; x_wconf 92' lang='lat' dir='ltr'>rum</span> <span class='ocrx_word' id='word_1_58' title='bbox 452 1405 615 1471; x_wconf 82' lang='lat' dir='ltr'>auxilium</span> <span class='ocrx_word' id='word_1_59' title='bbox 633 1418 667 1473; x_wconf 90' lang='lat' dir='ltr'>et</span> <span class='ocrx_word' id='word_1_60' title='bbox 689 1404 796 1493; x_wconf 90' lang='lat' dir='ltr'>ipsius</span> <span class='ocrx_word' id='word_1_61' title='bbox 812 1407 981 1474; x_wconf 91' lang='lat' dir='ltr'>honorem</span> <span class='ocrx_word' id='word_1_62' title='bbox 1004 1406 1200 1473; x_wconf 89' lang='lat' dir='ltr'>obeundum</span> <span class='ocrx_word' id='word_1_63' title='bbox 1218 1405 1364 1492; x_wconf 85' lang='lat' dir='ltr'>gratiam</span> <span class='ocrx_word' id='word_1_64' title='bbox 1385 1426 1482 1471; x_wconf 89' lang='lat' dir='ltr'>suam</span> <span class='ocrx_word' id='word_1_65' title='bbox 1500 1405 1588 1471; x_wconf 82' lang='lat' dir='ltr'>vbe-</span> 
     </span>
     <span class='ocr_line' id='line_1_9' title="bbox 354 1520 803 1607; baseline 0.007 -22"><span class='ocrx_word' id='word_1_66' title='bbox 354 1542 423 1587; x_wconf 89' lang='lat' dir='ltr'>rem</span> <span class='ocrx_word' id='word_1_67' title='bbox 441 1520 603 1607; x_wconf 85' lang='lat' dir='ltr'>dignetur</span> <span class='ocrx_word' id='word_1_68' title='bbox 618 1532 803 1607; x_wconf 83' lang='lat' dir='ltr'>praestare.</span> 
     </span>
    </p>

    <p class='ocr_par' dir='ltr' id='par_1_4' title="bbox 418 1636 1172 1723">
     <span class='ocr_line' id='line_1_10' title="bbox 418 1636 1172 1723; baseline -0.001 -21"><span class='ocrx_word' id='word_1_69' title='bbox 418 1638 546 1702; x_wconf 88' lang='lat' dir='ltr'>Datum</span> <span class='ocrx_word' id='word_1_70' title='bbox 566 1638 695 1704; x_wconf 87' lang='lat' dir='ltr'>Romae</span> <span class='ocrx_word' id='word_1_71' title='bbox 706 1636 816 1723; x_wconf 84' lang='lat' dir='ltr'>prima</span> <span class='ocrx_word' id='word_1_72' title='bbox 832 1636 887 1704; x_wconf 92' lang='lat' dir='ltr'>die</span> <span class='ocrx_word' id='word_1_73' title='bbox 905 1637 1052 1704; x_wconf 88' lang='lat' dir='ltr'>Ianuarii</span> <span class='ocrx_word' id='word_1_74' title='bbox 1075 1654 1172 1721; x_wconf 82' lang='lat'>1552.</span> 
     </span>
    </p>

    <p class='ocr_par' dir='ltr' id='par_1_5' title="bbox 424 1752 1537 1839">
     <span class='ocr_line' id='line_1_11' title="bbox 424 1752 1537 1839; baseline 0.001 -23"><span class='ocrx_word' id='word_1_75' title='bbox 424 1752 558 1819; x_wconf 81' lang='lat' dir='ltr'>Titulus</span> <span class='ocrx_word' id='word_1_76' title='bbox 574 1753 613 1816; x_wconf 84' lang='lat' dir='ltr'>in</span> <span class='ocrx_word' id='word_1_77' title='bbox 629 1753 807 1838; x_wconf 80' lang='lat' dir='ltr'>margine.</span> <span class='ocrx_word' id='word_1_78' title='bbox 826 1752 965 1821; x_wconf 89' lang='lat' dir='ltr'>Creatio</span> <span class='ocrx_word' id='word_1_79' title='bbox 982 1752 1016 1817; x_wconf 94' lang='lat' dir='ltr'>in</span> <span class='ocrx_word' id='word_1_80' title='bbox 1034 1752 1265 1839; x_wconf 89' lang='lat' dir='ltr'>praepositum</span> <span class='ocrx_word' id='word_1_81' title='bbox 1278 1752 1537 1837; x_wconf 90' lang='lat' dir='ltr'>prouincialem.</span> 
     </span>
    </p>
   </div>
   <div class='ocr_carea' id='block_1_4' title="bbox 626 1960 1303 2188">
    <p class='ocr_par' dir='ltr' id='par_1_6' title="bbox 626 1960 1303 2188">
     <span class='ocr_line' id='line_1_12' title="bbox 914 1960 1022 2040; baseline 0.009 -1"><span class='ocrx_word' id='word_1_82' title='bbox 914 1960 1022 2040; x_wconf 80' lang='lat'><strong>23⁰4</strong></span> 
     </span>
     <span class='ocr_line' id='line_1_13' title="bbox 626 2098 1303 2188; baseline 0.003 -23"><span class='ocrx_word' id='word_1_83' title='bbox 626 2098 884 2166; x_wconf 85' lang='lat' dir='ltr'>CARDINALI</span> <span class='ocrx_word' id='word_1_84' title='bbox 910 2102 1086 2188; x_wconf 89' lang='lat' dir='ltr'>JOANNI</span> <span class='ocrx_word' id='word_1_85' title='bbox 1120 2100 1303 2168; x_wconf 89' lang='lat' dir='ltr'>POGGIO</span> 
     </span>
    </p>
   </div>
   <div class='ocr_carea' id='block_1_5' title="bbox 769 2243 1165 2311">
    <p class='ocr_par' dir='ltr' id='par_1_7' title="bbox 769 2243 1165 2311">
     <span class='ocr_line' id='line_1_14' title="bbox 769 2243 1165 2311; baseline -0.003 -14"><span class='ocrx_word' id='word_1_86' title='bbox 769 2253 858 2297; x_wconf 74' lang='lat' dir='ltr'>aona</span> <span class='ocrx_word' id='word_1_87' title='bbox 874 2254 885 2295; x_wconf 89' lang='lat' dir='ltr'>r</span> <span class='ocrx_word' id='word_1_88' title='bbox 900 2254 1049 2307; x_wconf 74' lang='lat' dir='ltr'>Januanu</span> <span class='ocrx_word' id='word_1_89' title='bbox 1065 2254 1133 2311; x_wconf 80' lang='lat'>1552</span> <span class='ocrx_word' id='word_1_90' title='bbox 1145 2243 1165 2296; x_wconf 87' lang='lat'>¹.</span> 
     </span>
    </p>
   </div>
   <div class='ocr_carea' id='block_1_6' title="bbox 353 2372 1588 2625">
    <p class='ocr_par' dir='ltr' id='par_1_8' title="bbox 353 2372 1588 2625">
     <span class='ocr_line' id='line_1_15' title="bbox 353 2372 1588 2447; baseline 0 -19"><span class='ocrx_word' id='word_1_91' title='bbox 353 2374 542 2429; x_wconf 81' lang='lat' dir='ltr'>Gratulatur</span> <span class='ocrx_word' id='word_1_92' title='bbox 551 2376 632 2445; x_wconf 82' lang='lat' dir='ltr'>quod</span> <span class='ocrx_word' id='word_1_93' title='bbox 645 2376 729 2429; x_wconf 78' lang='lat' dir='ltr'>inter</span> <span class='ocrx_word' id='word_1_94' title='bbox 737 2378 931 2447; x_wconf 70' lang='lat' dir='ltr'>purpuratos</span> <span class='ocrx_word' id='word_1_95' title='bbox 940 2375 1096 2447; x_wconf 73' lang='lat' dir='ltr'>principes</span> <span class='ocrx_word' id='word_1_96' title='bbox 1108 2376 1244 2429; x_wconf 80' lang='lat' dir='ltr'>adlectus</span> <span class='ocrx_word' id='word_1_97' title='bbox 1255 2372 1536 2446; x_wconf 56' lang='lat' dir='ltr'>fuerit—Gratius</span> <span class='ocrx_word' id='word_1_98' title='bbox 1548 2376 1588 2428; x_wconf 75' lang='lat' dir='ltr'>de</span> 
     </span>
     <span class='ocr_line' id='line_1_16' title="bbox 404 2463 1586 2537; baseline 0.003 -21"><span class='ocrx_word' id='word_1_99' title='bbox 404 2468 520 2517; x_wconf 74' lang='lat' dir='ltr'>navata</span> <span class='ocrx_word' id='word_1_100' title='bbox 535 2464 681 2519; x_wconf 77' lang='lat' dir='ltr'>societati</span> <span class='ocrx_word' id='word_1_101' title='bbox 690 2466 783 2537; x_wconf 76' lang='lat' dir='ltr'>opera</span> <span class='ocrx_word' id='word_1_102' title='bbox 796 2464 875 2535; x_wconf 74' lang='lat' dir='ltr'>agit,</span> <span class='ocrx_word' id='word_1_103' title='bbox 888 2468 1037 2536; x_wconf 78' lang='lat' dir='ltr'>rogatque</span> <span class='ocrx_word' id='word_1_104' title='bbox 1048 2468 1082 2517; x_wconf 80' lang='lat' dir='ltr'>ut</span> <span class='ocrx_word' id='word_1_105' title='bbox 1094 2464 1195 2529; x_wconf 82' lang='lat' dir='ltr'>illam,</span> <span class='ocrx_word' id='word_1_106' title='bbox 1208 2466 1250 2518; x_wconf 77' lang='lat' dir='ltr'>ad</span> <span class='ocrx_word' id='word_1_107' title='bbox 1262 2464 1419 2535; x_wconf 77' lang='lat' dir='ltr'>negotium</span> <span class='ocrx_word' id='word_1_108' title='bbox 1432 2481 1501 2518; x_wconf 83' lang='lat' dir='ltr'>cum</span> <span class='ocrx_word' id='word_1_109' title='bbox 1515 2463 1586 2519; x_wconf 81' lang='lat' dir='ltr'>tole-</span> 
     </span>
     <span class='ocr_line' id='line_1_17' title="bbox 403 2552 1428 2625; baseline 0.002 -18"><span class='ocrx_word' id='word_1_110' title='bbox 403 2556 475 2607; x_wconf 79' lang='lat' dir='ltr'>tano</span> <span class='ocrx_word' id='word_1_111' title='bbox 488 2552 625 2607; x_wconf 81' lang='lat' dir='ltr'>arttisiite</span> <span class='ocrx_word' id='word_1_112' title='bbox 638 2554 888 2625; x_wconf 78' lang='lat' dir='ltr'>componendum,</span> <span class='ocrx_word' id='word_1_113' title='bbox 901 2552 1035 2607; x_wconf 82' lang='lat' dir='ltr'>maxime</span> <span class='ocrx_word' id='word_1_114' title='bbox 1052 2555 1294 2608; x_wconf 80' lang='lat' dir='ltr'>commendatam</span> <span class='ocrx_word' id='word_1_115' title='bbox 1308 2553 1428 2609; x_wconf 75' lang='lat' dir='ltr'>habeat.</span> 
     </span>
    </p>
   </div>
   <div class='ocr_carea' id='block_1_7' title="bbox 927 2699 1002 2841">
    <p class='ocr_par' dir='ltr' id='par_1_9' title="bbox 927 2699 1002 2841">
     <span class='ocr_line' id='line_1_18' title="bbox 927 2699 1002 2841; baseline 0 -22"><span class='ocrx_word' id='word_1_116' title='bbox 927 2699 1002 2841; x_wconf 67' lang='lat' dir='ltr'>Jlis,</span> 
     </span>
    </p>
   </div>
   <div class='ocr_carea' id='block_1_8' title="bbox 350 2913 1650 4271">
    <p class='ocr_par' dir='ltr' id='par_1_10' title="bbox 421 2913 1108 3006">
     <span class='ocr_line' id='line_1_19' title="bbox 421 2913 1108 3006; baseline -0.003 -27"><span class='ocrx_word' id='word_1_117' title='bbox 421 2915 516 2979; x_wconf 88' lang='lat' dir='ltr'>Rmo.</span> <span class='ocrx_word' id='word_1_118' title='bbox 539 2913 584 2977; x_wconf 94' lang='lat' dir='ltr'>mi</span> <span class='ocrx_word' id='word_1_119' title='bbox 602 2922 704 2981; x_wconf 77' lang='lat' dir='ltr'>sertor</span> <span class='ocrx_word' id='word_1_120' title='bbox 720 2936 762 2981; x_wconf 91' lang='lat' dir='ltr'>en</span> <span class='ocrx_word' id='word_1_121' title='bbox 779 2913 939 3006; x_wconf 79' lang='lat' dir='ltr'>elSettor</span> <span class='ocrx_word' id='word_1_122' title='bbox 956 2923 1108 2980; x_wconf 89' lang='lat' dir='ltr'>nuestro.</span> 
     </span>
    </p>

    <p class='ocr_par' dir='ltr' id='par_1_11' title="bbox 352 3026 1587 3229">
     <span class='ocr_line' id='line_1_20' title="bbox 420 3026 1587 3114; baseline 0 -20"><span class='ocrx_word' id='word_1_123' title='bbox 420 3030 467 3094; x_wconf 90' lang='lat' dir='ltr'>La</span> <span class='ocrx_word' id='word_1_124' title='bbox 484 3049 617 3094; x_wconf 89' lang='lat' dir='ltr'>summa</span> <span class='ocrx_word' id='word_1_125' title='bbox 633 3027 752 3113; x_wconf 85' lang='lat' dir='ltr'>gracia</span> <span class='ocrx_word' id='word_1_126' title='bbox 767 3052 790 3114; x_wconf 91' lang='lat' dir='ltr'>y</span> <span class='ocrx_word' id='word_1_127' title='bbox 807 3050 899 3095; x_wconf 89' lang='lat' dir='ltr'>amor</span> <span class='ocrx_word' id='word_1_128' title='bbox 918 3038 1038 3097; x_wconf 90' lang='lat' dir='ltr'>eterno</span> <span class='ocrx_word' id='word_1_129' title='bbox 1049 3029 1094 3097; x_wconf 91' lang='lat' dir='ltr'>de</span> <span class='ocrx_word' id='word_1_130' title='bbox 1106 3027 1172 3093; x_wconf 88' lang='lat' dir='ltr'>X.⁰</span> <span class='ocrx_word' id='word_1_131' title='bbox 1189 3028 1233 3093; x_wconf 93' lang='lat' dir='ltr'>N.</span> <span class='ocrx_word' id='word_1_132' title='bbox 1253 3026 1290 3095; x_wconf 89' lang='lat' dir='ltr'>S.</span> <span class='ocrx_word' id='word_1_133' title='bbox 1310 3028 1429 3094; x_wconf 91' lang='lat' dir='ltr'>salude</span> <span class='ocrx_word' id='word_1_134' title='bbox 1444 3048 1468 3111; x_wconf 89' lang='lat' dir='ltr'>y</span> <span class='ocrx_word' id='word_1_135' title='bbox 1484 3026 1587 3094; x_wconf 88' lang='lat' dir='ltr'>visite</span> 
     </span>
     <span class='ocr_line' id='line_1_21' title="bbox 352 3126 1581 3229; baseline -0.002 -22"><span class='ocrx_word' id='word_1_136' title='bbox 352 3149 373 3207; x_wconf 76' lang='lat' dir='ltr'>a</span> <span class='ocrx_word' id='word_1_137' title='bbox 389 3144 433 3210; x_wconf 91' lang='lat' dir='ltr'>V.</span> <span class='ocrx_word' id='word_1_138' title='bbox 453 3126 541 3211; x_wconf 82' lang='lat' dir='ltr'>Stia.</span> <span class='ocrx_word' id='word_1_139' title='bbox 561 3142 658 3209; x_wconf 90' lang='lat' dir='ltr'>Rma.</span> <span class='ocrx_word' id='word_1_140' title='bbox 678 3164 745 3209; x_wconf 88' lang='lat' dir='ltr'>con</span> <span class='ocrx_word' id='word_1_141' title='bbox 763 3164 822 3209; x_wconf 88' lang='lat' dir='ltr'>sus</span> <span class='ocrx_word' id='word_1_142' title='bbox 843 3142 1038 3209; x_wconf 85' lang='lat' dir='ltr'>santisimos</span> <span class='ocrx_word' id='word_1_143' title='bbox 1054 3144 1161 3209; x_wconf 89' lang='lat' dir='ltr'>dones</span> <span class='ocrx_word' id='word_1_144' title='bbox 1177 3164 1199 3227; x_wconf 92' lang='lat' dir='ltr'>y</span> <span class='ocrx_word' id='word_1_145' title='bbox 1216 3142 1351 3229; x_wconf 85' lang='lat' dir='ltr'>gracias</span> <span class='ocrx_word' id='word_1_146' title='bbox 1374 3140 1581 3227; x_wconf 78' lang='lat' dir='ltr'>spirituales,</span> 
     </span>
    </p>

    <p class='ocr_par' dir='ltr' id='par_1_12' title="bbox 350 3255 1650 4271">
     <span class='ocr_line' id='line_1_22' title="bbox 421 3255 1585 3345; baseline -0.003 -19"><span class='ocrx_word' id='word_1_147' title='bbox 421 3256 549 3326; x_wconf 89' lang='lat' dir='ltr'>Siendo</span> <span class='ocrx_word' id='word_1_148' title='bbox 581 3259 660 3323; x_wconf 91' lang='lat' dir='ltr'>toda</span> <span class='ocrx_word' id='word_1_149' title='bbox 688 3271 761 3326; x_wconf 85' lang='lat' dir='ltr'>esta</span> <span class='ocrx_word' id='word_1_150' title='bbox 788 3260 978 3345; x_wconf 81' lang='lat' dir='ltr'>Comparlia</span> <span class='ocrx_word' id='word_1_151' title='bbox 1006 3269 1145 3327; x_wconf 86' lang='lat' dir='ltr'>nuestra</span> <span class='ocrx_word' id='word_1_152' title='bbox 1172 3279 1252 3325; x_wconf 89' lang='lat' dir='ltr'>cosa</span> <span class='ocrx_word' id='word_1_153' title='bbox 1286 3270 1343 3323; x_wconf 86' lang='lat' dir='ltr'>tan</span> <span class='ocrx_word' id='word_1_154' title='bbox 1373 3255 1509 3343; x_wconf 88' lang='lat' dir='ltr'>propria</span> <span class='ocrx_word' id='word_1_155' title='bbox 1541 3259 1585 3323; x_wconf 88' lang='lat' dir='ltr'>de</span> 
     </span>
     <span class='ocr_line' id='line_1_23' title="bbox 355 3372 1585 3459; baseline -0.003 -19"><span class='ocrx_word' id='word_1_156' title='bbox 355 3376 397 3440; x_wconf 93' lang='lat' dir='ltr'>V.</span> <span class='ocrx_word' id='word_1_157' title='bbox 417 3374 505 3441; x_wconf 81' lang='lat' dir='ltr'>Stia.</span> <span class='ocrx_word' id='word_1_158' title='bbox 526 3374 638 3453; x_wconf 83' lang='lat' dir='ltr'>Rma.,</span> <span class='ocrx_word' id='word_1_159' title='bbox 656 3397 679 3459; x_wconf 92' lang='lat' dir='ltr'>y</span> <span class='ocrx_word' id='word_1_160' title='bbox 696 3372 888 3443; x_wconf 80' lang='lat' dir='ltr'>teniendole</span> <span class='ocrx_word' id='word_1_161' title='bbox 910 3376 1010 3440; x_wconf 90' lang='lat' dir='ltr'>todos</span> <span class='ocrx_word' id='word_1_162' title='bbox 1024 3374 1076 3441; x_wconf 92' lang='lat' dir='ltr'>los</span> <span class='ocrx_word' id='word_1_163' title='bbox 1091 3395 1159 3458; x_wconf 87' lang='lat' dir='ltr'>que</span> <span class='ocrx_word' id='word_1_164' title='bbox 1174 3396 1217 3442; x_wconf 90' lang='lat' dir='ltr'>en</span> <span class='ocrx_word' id='word_1_165' title='bbox 1235 3374 1299 3441; x_wconf 90' lang='lat' dir='ltr'>ella</span> <span class='ocrx_word' id='word_1_166' title='bbox 1315 3394 1431 3439; x_wconf 90' lang='lat' dir='ltr'>somos</span> <span class='ocrx_word' id='word_1_167' title='bbox 1448 3384 1506 3438; x_wconf 89' lang='lat' dir='ltr'>tan</span> <span class='ocrx_word' id='word_1_168' title='bbox 1522 3394 1585 3459; x_wconf 93' lang='lat' dir='ltr'>por</span> 
     </span>
     <span class='ocr_line' id='line_1_24' title="bbox 355 3486 1588 3576; baseline -0.001 -23"><span class='ocrx_word' id='word_1_169' title='bbox 355 3498 455 3556; x_wconf 78' lang='lat' dir='ltr'>sertor</span> <span class='ocrx_word' id='word_1_170' title='bbox 471 3512 493 3575; x_wconf 91' lang='lat' dir='ltr'>y</span> <span class='ocrx_word' id='word_1_171' title='bbox 510 3490 613 3575; x_wconf 89' lang='lat' dir='ltr'>padre</span> <span class='ocrx_word' id='word_1_172' title='bbox 629 3511 671 3555; x_wconf 86' lang='lat' dir='ltr'>en</span> <span class='ocrx_word' id='word_1_173' title='bbox 689 3490 721 3557; x_wconf 92' lang='lat' dir='ltr'>el</span> <span class='ocrx_word' id='word_1_174' title='bbox 742 3491 852 3559; x_wconf 81' lang='lat' dir='ltr'>senor</span> <span class='ocrx_word' id='word_1_175' title='bbox 879 3501 1033 3569; x_wconf 89' lang='lat' dir='ltr'>nuestr0‚</span> <span class='ocrx_word' id='word_1_176' title='bbox 1053 3494 1230 3576; x_wconf 72' lang='lat' dir='ltr'>parezeme</span> <span class='ocrx_word' id='word_1_177' title='bbox 1247 3511 1292 3554; x_wconf 94' lang='lat' dir='ltr'>no</span> <span class='ocrx_word' id='word_1_178' title='bbox 1309 3511 1372 3556; x_wconf 89' lang='lat' dir='ltr'>nos</span> <span class='ocrx_word' id='word_1_179' title='bbox 1391 3486 1588 3556; x_wconf 78' lang='lat' dir='ltr'>conuienen.</span> 
     </span>
     <span class='ocr_line' id='line_1_25' title="bbox 354 3604 1582 3691; baseline -0.002 -21"><span class='ocrx_word' id='word_1_180' title='bbox 354 3606 482 3671; x_wconf 90' lang='lat' dir='ltr'>mucho</span> <span class='ocrx_word' id='word_1_181' title='bbox 495 3606 648 3688; x_wconf 86' lang='lat' dir='ltr'>aquellos</span> <span class='ocrx_word' id='word_1_182' title='bbox 665 3604 950 3691; x_wconf 90' lang='lat' dir='ltr'>cumplimientos,</span> <span class='ocrx_word' id='word_1_183' title='bbox 964 3627 1033 3691; x_wconf 87' lang='lat' dir='ltr'>que</span> <span class='ocrx_word' id='word_1_184' title='bbox 1044 3606 1157 3673; x_wconf 91' lang='lat' dir='ltr'>donde</span> <span class='ocrx_word' id='word_1_185' title='bbox 1173 3627 1217 3691; x_wconf 93' lang='lat' dir='ltr'>ay</span> <span class='ocrx_word' id='word_1_186' title='bbox 1229 3611 1302 3670; x_wconf 80' lang='lat' dir='ltr'>mas</span> <span class='ocrx_word' id='word_1_187' title='bbox 1313 3614 1491 3672; x_wconf 83' lang='lat' dir='ltr'>estrarteza</span> <span class='ocrx_word' id='word_1_188' title='bbox 1503 3624 1582 3671; x_wconf 88' lang='lat' dir='ltr'>sue-</span> 
     </span>
     <span class='ocr_line' id='line_1_26' title="bbox 352 3718 1587 3805; baseline -0.002 -20"><span class='ocrx_word' id='word_1_189' title='bbox 352 3721 407 3786; x_wconf 83' lang='lat' dir='ltr'>len</span> <span class='ocrx_word' id='word_1_190' title='bbox 424 3740 551 3787; x_wconf 86' lang='lat' dir='ltr'>vsarse.</span> <span class='ocrx_word' id='word_1_191' title='bbox 573 3720 677 3801; x_wconf 88' lang='lat' dir='ltr'>Yasi,</span> <span class='ocrx_word' id='word_1_192' title='bbox 696 3732 824 3805; x_wconf 89' lang='lat' dir='ltr'>quanto</span> <span class='ocrx_word' id='word_1_193' title='bbox 841 3727 859 3787; x_wconf 78' lang='lat' dir='ltr'>a</span> <span class='ocrx_word' id='word_1_194' title='bbox 876 3723 908 3787; x_wconf 93' lang='lat' dir='ltr'>la</span> <span class='ocrx_word' id='word_1_195' title='bbox 924 3742 1039 3787; x_wconf 90' lang='lat' dir='ltr'>nueua</span> <span class='ocrx_word' id='word_1_196' title='bbox 1058 3718 1250 3805; x_wconf 81' lang='lat' dir='ltr'>dignidad&#39;</span> <span class='ocrx_word' id='word_1_197' title='bbox 1276 3730 1333 3787; x_wconf 86' lang='lat' dir='ltr'>tan</span> <span class='ocrx_word' id='word_1_198' title='bbox 1356 3719 1525 3805; x_wconf 76' lang='lat' dir='ltr'>merecida</span> <span class='ocrx_word' id='word_1_199' title='bbox 1541 3719 1587 3783; x_wconf 91' lang='lat' dir='ltr'>de</span> 
     </span>
     <span class='ocr_line' id='line_1_27' title="bbox 354 3834 1587 3923; baseline -0.002 -21"><span class='ocrx_word' id='word_1_200' title='bbox 354 3838 396 3902; x_wconf 93' lang='lat' dir='ltr'>V.</span> <span class='ocrx_word' id='word_1_201' title='bbox 417 3836 504 3904; x_wconf 89' lang='lat' dir='ltr'>Sria.</span> <span class='ocrx_word' id='word_1_202' title='bbox 526 3836 634 3915; x_wconf 86' lang='lat' dir='ltr'>Rma.,</span> <span class='ocrx_word' id='word_1_203' title='bbox 652 3857 716 3903; x_wconf 92' lang='lat' dir='ltr'>con</span> <span class='ocrx_word' id='word_1_204' title='bbox 738 3858 793 3905; x_wconf 90' lang='lat' dir='ltr'>ser</span> <span class='ocrx_word' id='word_1_205' title='bbox 808 3859 865 3923; x_wconf 87' lang='lat' dir='ltr'>yo‚</span> <span class='ocrx_word' id='word_1_206' title='bbox 888 3858 987 3904; x_wconf 91' lang='lat' dir='ltr'>como</span> <span class='ocrx_word' id='word_1_207' title='bbox 1003 3856 1058 3902; x_wconf 91' lang='lat' dir='ltr'>me</span> <span class='ocrx_word' id='word_1_208' title='bbox 1078 3835 1261 3923; x_wconf 87' lang='lat' dir='ltr'>persuado,</span> <span class='ocrx_word' id='word_1_209' title='bbox 1283 3836 1327 3902; x_wconf 91' lang='lat' dir='ltr'>de</span> <span class='ocrx_word' id='word_1_210' title='bbox 1347 3838 1399 3901; x_wconf 91' lang='lat' dir='ltr'>los</span> <span class='ocrx_word' id='word_1_211' title='bbox 1421 3834 1587 3920; x_wconf 84' lang='lat' dir='ltr'>primeros</span> 
     </span>
     <span class='ocr_line' id='line_1_28' title="bbox 350 3946 1584 4049; baseline -0.003 -29"><span class='ocrx_word' id='word_1_212' title='bbox 350 3976 395 4020; x_wconf 91' lang='lat' dir='ltr'>en</span> <span class='ocrx_word' id='word_1_213' title='bbox 412 3951 443 4020; x_wconf 90' lang='lat' dir='ltr'>el</span> <span class='ocrx_word' id='word_1_214' title='bbox 460 3952 580 4017; x_wconf 87' lang='lat' dir='ltr'>desear</span> <span class='ocrx_word' id='word_1_215' title='bbox 595 3975 619 4037; x_wconf 95' lang='lat' dir='ltr'>y</span> <span class='ocrx_word' id='word_1_216' title='bbox 633 3951 824 4039; x_wconf 87' lang='lat' dir='ltr'>alegrarme</span> <span class='ocrx_word' id='word_1_217' title='bbox 836 3953 880 4021; x_wconf 91' lang='lat' dir='ltr'>de</span> <span class='ocrx_word' id='word_1_218' title='bbox 897 3954 978 4018; x_wconf 92' lang='lat' dir='ltr'>todo</span> <span class='ocrx_word' id='word_1_219' title='bbox 994 3946 1180 4038; x_wconf 87' lang='lat' dir='ltr'>augmento</span> <span class='ocrx_word' id='word_1_220' title='bbox 1196 3951 1302 4019; x_wconf 87' lang='lat' dir='ltr'>delos</span> <span class='ocrx_word' id='word_1_221' title='bbox 1318 3952 1427 4016; x_wconf 86' lang='lat' dir='ltr'>dones</span> <span class='ocrx_word' id='word_1_222' title='bbox 1443 3951 1486 4017; x_wconf 90' lang='lat' dir='ltr'>de</span> <span class='ocrx_word' id='word_1_223' title='bbox 1498 3950 1584 4049; x_wconf 77' lang='lat' dir='ltr'>Dios</span> 
     </span>
     <span class='ocr_line' id='line_1_29' title="bbox 350 4067 1582 4165; baseline -0.003 -30"><span class='ocrx_word' id='word_1_224' title='bbox 350 4070 394 4135; x_wconf 95' lang='lat' dir='ltr'>N.</span> <span class='ocrx_word' id='word_1_225' title='bbox 414 4070 449 4137; x_wconf 89' lang='lat' dir='ltr'>S.</span> <span class='ocrx_word' id='word_1_226' title='bbox 469 4088 511 4134; x_wconf 88' lang='lat' dir='ltr'>en</span> <span class='ocrx_word' id='word_1_227' title='bbox 532 4068 576 4136; x_wconf 90' lang='lat' dir='ltr'>V.</span> <span class='ocrx_word' id='word_1_228' title='bbox 595 4068 681 4135; x_wconf 83' lang='lat' dir='ltr'>Stia.</span> <span class='ocrx_word' id='word_1_229' title='bbox 702 4069 816 4149; x_wconf 87' lang='lat' dir='ltr'>Rma.,</span> <span class='ocrx_word' id='word_1_230' title='bbox 832 4089 959 4154; x_wconf 87' lang='lat' dir='ltr'>apenas</span> <span class='ocrx_word' id='word_1_231' title='bbox 975 4072 1051 4136; x_wconf 77' lang='lat' dir='ltr'>sere</span> <span class='ocrx_word' id='word_1_232' title='bbox 1066 4068 1111 4134; x_wconf 87' lang='lat' dir='ltr'>de</span> <span class='ocrx_word' id='word_1_233' title='bbox 1128 4068 1178 4133; x_wconf 93' lang='lat' dir='ltr'>los</span> <span class='ocrx_word' id='word_1_234' title='bbox 1192 4077 1368 4165; x_wconf 84' lang='lat' dir='ltr'>postreros</span> <span class='ocrx_word' id='word_1_235' title='bbox 1390 4086 1433 4133; x_wconf 87' lang='lat' dir='ltr'>en</span> <span class='ocrx_word' id='word_1_236' title='bbox 1449 4067 1482 4131; x_wconf 94' lang='lat' dir='ltr'>el</span> <span class='ocrx_word' id='word_1_237' title='bbox 1500 4086 1582 4132; x_wconf 86' lang='lat' dir='ltr'>con-</span> 
     </span>
     <span class='ocr_line' id='line_1_30' title="bbox 350 4180 1650 4271; baseline -0.002 -21"><span class='ocrx_word' id='word_1_238' title='bbox 350 4186 515 4271; x_wconf 81' lang='lat' dir='ltr'>gratuler,</span> <span class='ocrx_word' id='word_1_239' title='bbox 534 4206 555 4268; x_wconf 95' lang='lat' dir='ltr'>y</span> <span class='ocrx_word' id='word_1_240' title='bbox 577 4185 767 4251; x_wconf 85' lang='lat' dir='ltr'>solamente</span> <span class='ocrx_word' id='word_1_241' title='bbox 795 4189 918 4271; x_wconf 78' lang='lat' dir='ltr'>rogare</span> <span class='ocrx_word' id='word_1_242' title='bbox 942 4190 963 4251; x_wconf 79' lang='lat' dir='ltr'>a</span> <span class='ocrx_word' id='word_1_243' title='bbox 990 4184 1022 4251; x_wconf 90' lang='lat' dir='ltr'>la</span> <span class='ocrx_word' id='word_1_244' title='bbox 1049 4180 1166 4251; x_wconf 87' lang='lat' dir='ltr'>diuina</span> <span class='ocrx_word' id='word_1_245' title='bbox 1186 4204 1209 4268; x_wconf 87' lang='lat' dir='ltr'>y</span> <span class='ocrx_word' id='word_1_246' title='bbox 1236 4204 1370 4249; x_wconf 90' lang='lat' dir='ltr'>summa</span> <span class='ocrx_word' id='word_1_247' title='bbox 1386 4182 1525 4248; x_wconf 90' lang='lat' dir='ltr'>bondad</span> <span class='ocrx_word' id='word_1_248' title='bbox 1542 4204 1582 4247; x_wconf 84' lang='lat' dir='ltr'>se</span> <span class='ocrx_word' id='word_1_249' title='bbox 1647 4259 1650 4264; x_wconf 22' lang='lat'>¹</span> 
     </span>
    </p>
   </div>
   <div class='ocr_carea' id='block_1_9' title="bbox 355 4344 568 4356">
    <p class='ocr_par' dir='ltr' id='par_1_13' title="bbox 355 4344 568 4356">
     <span class='ocr_line' id='line_1_31' title="bbox 355 4344 568 4356; baseline -0.009 -1"><span class='ocrx_word' id='word_1_250' title='bbox 355 4344 568 4356; x_wconf 53' lang='grc' dir='ltr'>...ι-*-</span> 
     </span>
    </p>
   </div>
   <div class='ocr_carea' id='block_1_10' title="bbox 403 4422 1584 4498">
    <p class='ocr_par' dir='ltr' id='par_1_14' title="bbox 403 4422 1584 4498">
     <span class='ocr_line' id='line_1_32' title="bbox 403 4422 1584 4498; baseline -0.003 -17"><span class='ocrx_word' id='word_1_251' title='bbox 403 4428 409 4460; x_wconf 87' lang='lat'><strong>¹</strong></span> <span class='ocrx_word' id='word_1_252' title='bbox 451 4428 492 4481; x_wconf 82' lang='lat' dir='ltr'>Ex</span> <span class='ocrx_word' id='word_1_253' title='bbox 510 4425 688 4482; x_wconf 86' lang='lat' dir='ltr'>adversariis</span> <span class='ocrx_word' id='word_1_254' title='bbox 705 4424 895 4498; x_wconf 73' lang='lat' dir='ltr'>autographis</span> <span class='ocrx_word' id='word_1_255' title='bbox 913 4426 946 4480; x_wconf 89' lang='lat' dir='ltr'>P.</span> <span class='ocrx_word' id='word_1_256' title='bbox 962 4425 1093 4497; x_wconf 74' lang='lat' dir='ltr'>Polemi,</span> <span class='ocrx_word' id='word_1_257' title='bbox 1113 4426 1143 4479; x_wconf 90' lang='lat' dir='ltr'>in</span> <span class='ocrx_word' id='word_1_258' title='bbox 1156 4423 1259 4479; x_wconf 88' lang='lat' dir='ltr'>codice</span> <span class='ocrx_word' id='word_1_259' title='bbox 1283 4422 1384 4495; x_wconf 78' lang='lat' dir='ltr'>Epist.</span> <span class='ocrx_word' id='word_1_260' title='bbox 1408 4424 1536 4479; x_wconf 79' lang='lat' dir='ltr'>Polanci</span> <span class='ocrx_word' id='word_1_261' title='bbox 1547 4440 1584 4479; x_wconf 84' lang='lat' dir='ltr'>ex</span> 
     </span>
    </p>
   </div>
   <div class='ocr_carea' id='block_1_11' title="bbox 348 4514 1585 4857">
    <p class='ocr_par' dir='ltr' id='par_1_15' title="bbox 348 4514 868 4587">
     <span class='ocr_line' id='line_1_33' title="bbox 348 4514 868 4587; baseline 0.004 -15"><span class='ocrx_word' id='word_1_262' title='bbox 348 4535 468 4581; x_wconf 72' lang='lat' dir='ltr'>comm„</span> <span class='ocrx_word' id='word_1_263' title='bbox 486 4526 495 4571; x_wconf 86' lang='grc' dir='ltr'>ι</span> <span class='ocrx_word' id='word_1_264' title='bbox 512 4514 574 4585; x_wconf 81' lang='lat' dir='ltr'>iol,</span> <span class='ocrx_word' id='word_1_265' title='bbox 586 4534 616 4570; x_wconf 92' lang='lat' dir='ltr'>n.</span> <span class='ocrx_word' id='word_1_266' title='bbox 633 4516 696 4587; x_wconf 88' lang='lat'><strong>206,</strong></span> <span class='ocrx_word' id='word_1_267' title='bbox 711 4515 792 4587; x_wconf 86' lang='lat' dir='ltr'>prius</span> <span class='ocrx_word' id='word_1_268' title='bbox 809 4529 868 4586; x_wconf 81' lang='lat'>199.</span> 
     </span>
    </p>

    <p class='ocr_par' dir='ltr' id='par_1_16' title="bbox 349 4600 1585 4857">
     <span class='ocr_line' id='line_1_34' title="bbox 399 4600 1582 4677; baseline -0.006 -15"><span class='ocrx_word' id='word_1_269' title='bbox 399 4610 410 4641; x_wconf 83' lang='lat'><strong>¹</strong></span> <span class='ocrx_word' id='word_1_270' title='bbox 449 4604 546 4677; x_wconf 85' lang='lat' dir='ltr'>Julius</span> <span class='ocrx_word' id='word_1_271' title='bbox 564 4604 663 4659; x_wconf 90' lang='lat' dir='ltr'>llldie</span> <span class='ocrx_word' id='word_1_272' title='bbox 687 4619 723 4659; x_wconf 89' lang='lat'>20</span> <span class='ocrx_word' id='word_1_273' title='bbox 746 4604 925 4661; x_wconf 82' lang='lat' dir='ltr'>Novembris</span> <span class='ocrx_word' id='word_1_274' title='bbox 946 4616 1011 4673; x_wconf 81' lang='lat'>1551</span> <span class='ocrx_word' id='word_1_275' title='bbox 1037 4602 1217 4659; x_wconf 85' lang='lat' dir='ltr'>cardinalem</span> <span class='ocrx_word' id='word_1_276' title='bbox 1239 4609 1393 4656; x_wconf 84' lang='lat' dir='ltr'>creaverat</span> <span class='ocrx_word' id='word_1_277' title='bbox 1417 4600 1582 4672; x_wconf 80' lang='lat' dir='ltr'>«Joonuem</span> 
     </span>
     <span class='ocr_line' id='line_1_35' title="bbox 350 4687 1585 4769; baseline -0.005 -20"><span class='ocrx_word' id='word_1_278' title='bbox 350 4696 515 4769; x_wconf 82' lang='lat' dir='ltr'>Poggium,</span> <span class='ocrx_word' id='word_1_279' title='bbox 540 4693 773 4767; x_wconf 84' lang='lat' dir='ltr'>Bononiensem,</span> <span class='ocrx_word' id='word_1_280' title='bbox 800 4696 976 4766; x_wconf 83' lang='lat' dir='ltr'>Episcopum</span> <span class='ocrx_word' id='word_1_281' title='bbox 994 4691 1199 4765; x_wconf 85' lang='lat' dir='ltr'>Tropiensem,</span> <span class='ocrx_word' id='word_1_282' title='bbox 1222 4687 1309 4745; x_wconf 83' lang='lat' dir='ltr'>Sedis</span> <span class='ocrx_word' id='word_1_283' title='bbox 1334 4691 1523 4761; x_wconf 83' lang='lat' dir='ltr'>Apostolicae</span> <span class='ocrx_word' id='word_1_284' title='bbox 1545 4688 1585 4743; x_wconf 86' lang='lat' dir='ltr'>ad</span> 
     </span>
     <span class='ocr_line' id='line_1_36' title="bbox 349 4778 1169 4857; baseline -0.005 -19"><span class='ocrx_word' id='word_1_285' title='bbox 349 4782 506 4857; x_wconf 75' lang='lat' dir='ltr'>Caesarem</span> <span class='ocrx_word' id='word_1_286' title='bbox 519 4783 691 4841; x_wconf 81' lang='lat' dir='ltr'>Nuntium».</span> <span class='ocrx_word' id='word_1_287' title='bbox 708 4782 795 4853; x_wconf 74' lang='lat' dir='ltr'>Puer,</span> <span class='ocrx_word' id='word_1_288' title='bbox 811 4784 1023 4845; x_wconf 72' lang='lat' dir='ltr'>Brerviorium,</span> <span class='ocrx_word' id='word_1_289' title='bbox 1038 4778 1169 4851; x_wconf 81' lang='lat' dir='ltr'>V1‚302.</span> 
     </span>
    </p>
   </div>
   <div class='ocr_carea' id='block_1_12' title="bbox 0 0 1822 5417">
    <p class='ocr_par' dir='ltr' id='par_1_17' title="bbox 0 0 1822 5417">
     <span class='ocr_line' id='line_1_37' title="bbox 0 0 1822 5417; baseline 0 4"><span class='ocrx_word' id='word_1_290' title='bbox 0 0 1822 5417; x_wconf 95' lang='lat' dir='ltr'> </span> 
     </span>
    </p>
   </div>
  </div>
 </body>
</html>
