3634 5417
408 513 460 570 ²52
789 500 996 565 Mouuuuurn
1016 500 1194 556 Iouerum

371 655 416 722 de
432 654 517 720 Dios
533 655 577 720 N.
592 655 629 722 S.
649 653 794 740 siempre
810 652 986 731 sintamos,
1003 674 1026 738 y
1043 651 1177 738 aquella
1192 661 1427 720 enteramente
1450 652 1482 719 la
1502 670 1602 717 cum-

373 772 515 868 plamos.

418 873 421 886 ⁸
440 887 492 954 De
510 887 618 952 Roma
635 883 782 972 primero
797 884 841 953 de
853 883 957 973 Junio
975 899 1070 968 1552.

440 1004 471 1067 A
488 1007 597 1090 tergo,
614 1003 660 1070 P.
679 1001 824 1066 Polanci
839 1021 959 1066 manu.
980 1003 1067 1068 Para
1083 1000 1116 1067 el
1131 1000 1241 1065 conde
1256 999 1299 1066 de
1322 998 1451 1066 Melito.

442 1119 485 1183 In
501 1117 674 1205 Regeslis.
697 1116 831 1183 Madrid
851 1121 873 1182 ό
895 1116 1106 1183 Corte-Al
1122 1127 1224 1184 conte
1243 1115 1288 1180 de
1310 1114 1428 1182 Melito
1447 1113 1562 1182 senne
1579 1114 1603 1178 il

376 1234 503 1316 padre,
526 1233 673 1300 dandole
694 1231 951 1317 participatione
979 1232 1067 1298 delle
1093 1229 1203 1318 gratie
1230 1231 1320 1298 della
1339 1229 1555 1316 Compagnia
1582 1251 1603 1296 a

299 1440 301 1443 Ι
374 1349 421 1416 lui
438 1370 458 1416 e
474 1351 507 1418 la
521 1359 679 1416 contessa
692 1349 758 1435 (del
773 1350 838 1414 che
854 1347 881 1413 si
900 1349 1023 1415 manda
1035 1369 1100 1414 vna
1114 1345 1275 1433 patente),
1290 1368 1311 1412 e
1324 1345 1474 1414 dandule
1485 1367 1603 1431 soper-

376 1464 589 1532 intendentia
605 1487 665 1550 per
683 1487 720 1533 se
736 1487 757 1530 o
784 1485 845 1550 per
864 1486 912 1530 vn
933 1461 1060 1530 vicario
1079 1484 1182 1548 sopra
1198 1462 1220 1528 il
1244 1464 1285 1531 P.
1314 1463 1442 1541 Araoz,
1464 1471 1547 1541 etc„
1568 1471 1604 1526 et

376 1603 442 1646 vna
458 1582 578 1648 lettera
595 1575 655 1665 per
672 1580 691 1643 l'
721 1559 952 1646 arceuescouo
978 1580 1072 1644 “con
1090 1598 1155 1643 una
1184 1577 1281 1662 copia
1302 1575 1407 1643 chila
1427 1575 1496 1657 dia,
1513 1597 1551 1642 se
1572 1575 1605 1641 le

375 1717 467 1782 pare.

424 1956 705 2006 couuuurcnrro
731 1955 905 2003 eononuu
928 1953 1075 2002 orunurr
1101 1953 1316 2001 sociernrrs
1341 1953 1416 2002 rau
1433 1953 1557 2001 courrr

699 2071 746 2118 ne
760 2069 897 2118 unnrro
913 2069 1015 2129 Quam
1034 2069 1121 2131 eJus
1138 2069 1250 2118 uxoru
1268 2051 1280 2086 ⁸

948 2192 1046 2318 nis.

447 2391 602 2480 Ignatius
617 2393 661 2460 de
678 2392 818 2478 Loyola,
836 2391 1019 2461 Societatis
1033 2391 1111 2458 Iesu
1127 2389 1340 2477 praepositus
1359 2389 1541 2477 generalis.

447 2509 554 2574 lllmo.
573 2507 711 2576 domino
728 2507 866 2574 domino
879 2505 1021 2574 -Didaco
1041 2507 1200 2573 Hurtado
1220 2507 1264 2572 de
1287 2507 1469 2593 Mendoca,
1487 2505 1604 2572 comiti

378 2623 502 2704 Mileti,
520 2634 555 2693 et
570 2623 697 2692 lllmae.
717 2623 791 2690 eius
808 2622 904 2690 vxori
920 2624 1064 2691 salutem
1081 2623 1115 2688 in
1136 2623 1284 2690 Domino
1304 2623 1556 2709 sempiternam.

445 2738 616 2825 Quamuis
632 2738 667 2804 in
689 2737 833 2808 ecclesia
854 2737 1038 2824 catholica,
1061 2749 1098 2804 vt
1121 2759 1265 2825 corpore
1284 2737 1430 2823 mystico
1451 2739 1527 2806 Iesu
1547 2737 1605 2804 Χ.ί

379 2865 557 2942 compacto
572 2865 607 2923 et
623 2875 791 2934 connum,
816 2875 1032 2940 peromnem
1059 2853 1253 2921 iuncturam
1280 2852 1604 2920 subministrationis

380 2972 482 3057 (teste
497 2970 677 3056 Apostolo)
694 2970 846 3038 membra
861 2968 976 3036 omnia
996 2991 1058 3056 pro
1073 2991 1111 3036 se
1134 2967 1282 3037 inuicem
1309 2968 1442 3036 solicita
1467 2967 1548 3050 sint,
1567 2980 1604 3033 vt

378 3087 517 3174 singula
534 3084 629 3153 iuxta
646 3107 840 3152 mensuram
857 3085 1000 3172 gratiae,
1019 3083 1119 3151 sibia
1142 3084 1255 3170 capite
1279 3086 1355 3151 lesu
1375 3084 1441 3152 X.⁰
1456 3084 1602 3164 infusae,

377 3200 490 3269 officia
508 3211 620 3268 suaet
636 3201 727 3296 bona
743 3199 877 3266 cunctis
892 3199 967 3266 aliis
978 3199 1244 3282 communicent,
1259 3199 1382 3266 rationi
1394 3211 1508 3266 tamen
1521 3220 1605 3265 oon·

377 3301 580 3384 sentaneum
593 3325 658 3394 est,
674 3325 820 3382 vttanto
832 3314 1015 3401 procliuior
1027 3304 1264 3402 copiosiorque
1275 3315 1336 3381 fiat
1350 3313 1501 3401 ipsorum
1513 3335 1606 3411 com·

336 3460 341 3466 ·
378 3429 576 3512 municatio,
595 3441 724 3515 quanto
741 3429 888 3518 penitior
904 3443 939 3497 et
963 3429 1102 3497 solidior
1121 3429 1317 3498 dilectionis
1339 3430 1509 3497 connexio
1530 3429 1604 3497 exi-

377 3547 450 3615 stit.
469 3549 586 3633 Quare
602 3569 667 3616 nec
682 3549 821 3614 beatum
839 3547 984 3614 Paulum
1003 3545 1143 3632 pigebat
1160 3546 1310 3613 fidelium
1333 3567 1453 3633 preces
1472 3546 1508 3612 in
1527 3567 1605 3632 spe-

378 3664 431 3734 cie
447 3662 513 3730 sibi
534 3661 756 3749 applicandas
780 3661 983 3750 efflagitare3
1008 3663 1098 3731 vnde
1120 3661 1227 3749 liquet
1243 3661 1403 3728 vnionem
1416 3660 1610 3748 particula·

380 3801 451 3849 rem
470 3777 668 3864 hujusmodi
685 3799 831 3864 magnae
847 3777 1020 3846 efficaciae
1035 3797 1075 3844 ac
1095 3777 1250 3844 utilitatis
1270 3758 1358 3845 esse.

445 3895 535 3962 Cum
551 3892 657 3980 igitur
672 3892 922 3961 dominationes
936 3906 1072 3961 vestrae
1093 3891 1340 3959 illustrissimae
1361 3892 1524 3980 peculiari
1544 3894 1610 3960 de·

381 4009 529 4076 notionis
554 4009 692 4090 affectu,
716 4021 751 4078 et
778 4008 1023 4076 beneficentiae
1050 4029 1188 4094 quoque
1211 4008 1333 4076 merito
1360 4031 1428 4076 non
1456 4008 1608 4095 vulgari,

381 4125 462 4192 huic
477 4125 643 4194 minimae
664 4136 802 4194 nostrae
823 4124 986 4194 Societati
1009 4124 1214 4211 adglutinati
1238 4126 1319 4206 sint;
1343 4147 1421 4205 nos,
1438 4144 1610 4194 memores

434 4373 446 4406 ⁵
483 4371 613 4441 Joanues
629 4368 771 4425 Martinez
783 4366 922 4436 Siliceue,
935 4367 1174 4440 archiepiscopus
1186 4369 1345 4423 toletanus.
1362 4367 1437 4423 Vide
1447 4366 1610 4451 ¹epistolam

382 4461 462 4515 262.

434 4473 452 4585 ἓ
484 4549 529 4604 Ex
538 4547 682 4619 originali,
694 4546 774 4620 quod
786 4545 863 4620 apud
877 4563 931 4602 nos
943 4553 1122 4601 asservatur.
1137 4544 1323 4618 Subscriptio
1332 4554 1446 4602 tantum
1457 4547 1488 4606 S.
1502 4545 1614 4619 Ignatii

383 4653 470 4693 manu
484 4642 603 4690 exarata
612 4643 668 4694 est.
684 4632 897 4691 Desiderantur
910 4633 984 4706 dies,
1001 4634 1111 4689 mensis
1124 4642 1155 4689 et
1166 4651 1260 4690 annus
1270 4634 1439 4722 scriptionis
1453 4633 1540 4707 hujus
1551 4651 1615 4690 mo·

383 4724 531 4783 numenti.
1002 4725 1007 4735 ’
