3634 5417
786 497 995 553 Monstrum
1014 495 1193 550 tonarium

935 649 1040 730 3⁰45

489 780 643 847 PATER
662 781 878 870 JOANNES
901 781 965 847 DE
987 780 1218 848 POLANCO
1243 781 1307 851 EX
1329 779 1483 850 COMM.

700 913 820 969 Parni
839 912 1060 972 cnonnnoo
1080 911 1272 972 nesscmo

747 1051 836 1096 notra
855 1052 891 1110 29
910 1049 1091 1095 Novmfflttts
1112 1049 1181 1107 1552
1202 1042 1221 1095 ¹.

358 1165 497 1236 Anapis
510 1163 623 1226 litteris
636 1166 805 1238 respondet.
813 1165 890 1221 -De
902 1164 1087 1220 scholasticis
1099 1165 1230 1219 Romam
1247 1163 1441 1222 missis—Ne
1458 1165 1500 1218 od
1518 1163 1606 1219 colie-

414 1254 505 1325 gium
515 1255 730 1324 germanicum
747 1255 781 1310 in
803 1253 880 1310 Urbe
897 1254 1002 1308 mutat
1012 1252 1142 1325 juvenes
1158 1269 1194 1308 ex
1211 1252 1364 1325 inferiore
1384 1253 1606 1308 Germania.-

419 1339 652 1398 Constitutiones
664 1341 787 1416 collegii
796 1343 972 1415 germanici
988 1341 1307 1399 mirantum-Nuntii
1322 1360 1359 1398 ex
1374 1342 1440 1396 suis
1455 1341 1607 1397 cotonien-

419 1431 510 1486 sibus.

926 1550 1040 1635 Jesvs.

433 1691 506 1756 Pax
522 1689 661 1758 Christi.
681 1688 800 1757 Rev.‘¹·
814 1701 849 1758 et
864 1689 1063 1757 charissime
1079 1689 1115 1756 in
1126 1690 1266 1758 Christo
1283 1691 1396 1757 Pater.

432 1805 639 1891 Accepimus
656 1805 797 1886 litteraS,
815 1803 935 1872 vltima
951 1805 1105 1893 Augusti
1122 1807 1133 1838 ¹
1151 1817 1187 1874 et
1211 1824 1253 1889 23
1278 1805 1492 1893 Septembris
1516 1805 1606 1874 scri-

363 1933 455 2006 ptas,
484 1942 570 2006 quas
592 1922 694 1988 nobis
717 1919 831 1988 attulit
854 1919 1022 2008 magister
1042 1920 1220 1989 Gerardus
1244 1923 1269 1987 ³.
1296 1920 1393 1989 Alias
1416 1921 1544 1990 deinde
1569 1921 1606 1986 in

360 2057 483 2102 mense
496 2036 657 2104 Octobris
670 2037 767 2104 datas
779 2036 969 2105 attulerunt
984 2036 1054 2103 duo
1066 2037 1216 2122 juuenes
1232 2060 1276 2106 ex
1288 2037 1439 2104 inferiori
1452 2039 1605 2106 Genna-

367 2151 424 2220 nia
441 2153 510 2217 huc
527 2150 619 2219 missi
636 2151 680 2218 ad
696 2150 879 2238 collegium
896 2151 1134 2238 germanicum
1152 2153 1177 2234 ⁴3
1195 2166 1230 2220 et
1247 2173 1368 2220 reuera
1390 2152 1520 2238 aliquid
1536 2175 1601 2220 ne-

366 2265 454 2354 gotii
476 2265 573 2333 nobis
597 2265 841 2349 exhibuerunt,
868 2287 947 2333 cum
970 2264 1037 2333 iam
1061 2279 1241 2354 perspecta
1264 2268 1364 2334 nobis
1386 2281 1477 2336 esset
1503 2289 1607 2337 mens

365 2383 539 2450 Rev.¹²¹⁰‘⁰¹¹¹
555 2393 798 2466 protectorum,
816 2380 978 2447 nimirum
994 2392 1045 2463 ut,
1064 2382 1226 2467 quamdiu
1244 2404 1407 2469 praesens
1422 2400 1526 2470 vrget
1542 2405 1604 2450 su·

365 2496 508 2584 periuris
535 2496 742 2566 Germaniae
768 2495 968 2577 necessitas,
993 2518 1037 2564 ex
1056 2518 1175 2564 eorum
1196 2497 1268 2566 sere
1290 2497 1432 2584 regione
1449 2499 1605 2584 juuenes

360 2624 597 2680 assumantur.
621 2611 713 2698 Quia
735 2623 849 2680 tamen
870 2611 906 2679 in
925 2611 1230 2680 constitutionibus
1251 2613 1374 2699 aliquis
1395 2613 1605 2700 relinquitur

365 2728 461 2793 locus
477 2725 695 2795 inferioribus
710 2727 895 2814 germanis
913 2726 950 2793 hi
964 2729 1034 2793 duo
1051 2727 1207 2808 Colonia,
1221 2740 1257 2795 et
1269 2738 1400 2815 septem
1412 2728 1470 2795 alii
1482 2731 1604 2798 Loua-

361 2840 422 2910 nio
438 2841 544 2923 missi,
564 2841 690 2929 recepti
706 2857 798 2910 sunt.
819 2841 916 2909 Alios
931 2863 974 2909 ex
990 2842 1142 2909 inferiori
1158 2845 1346 2912 Germania
1369 2844 1506 2915 mittere
1528 2869 1602 2914 non

359 2958 542 3044 oportebit.
564 2960 613 3026 Ex
632 2958 780 3027 Saxonia
796 2979 881 3025 uero
897 2969 933 3026 et
949 2957 1024 3025 aliis
1040 2957 1225 3046 superioris
1236 2959 1443 3029 Germaniae
1456 2962 1601 3048 prouin-

361 3072 437 3156 ciis,
456 3073 514 3158 qui
530 3073 644 3142 idonei
661 3073 800 3154 fuerint,
823 3074 969 3143 libenter
993 3072 1226 3143 admittentur.
1253 3075 1357 3143 Breui
1378 3088 1494 3146 tamen
1514 3099 1603 3145 con·

361 3188 558 3256 stitutiones
574 3191 617 3256 ad
633 3210 694 3254 vos
711 3188 998 3271 transmittentur,
1017 3200 1055 3256 ut
1070 3211 1159 3274 quae
1175 3189 1245 3256 sint
1260 3193 1483 3277 proponenda
1493 3195 1600 3260 sch'o-

364 3305 504 3388 lasticis,
534 3327 622 3390 quae
650 3305 752 3372 etiam
781 3304 815 3370 in
843 3303 908 3370 illis
933 3304 1000 3370 sint
1024 3305 1284 3388 consideranda,
1310 3306 1536 3394 intelligatur,
1563 3323 1604 3377 et

364 3432 458 3500 tunc,
477 3420 535 3505 qui
552 3419 741 3500 mittentur,
760 3418 916 3500 securius
931 3434 966 3487 et
981 3419 1231 3487 consideratius
1247 3420 1335 3486 mitti
1352 3434 1528 3508 poterunt.

431 3535 595 3622 Magister
621 3535 809 3616 Gerardus,
833 3533 923 3602 sicut
943 3544 978 3602 et
998 3533 1055 3600 alii
1077 3535 1199 3602 fratres
1220 3537 1374 3604 Louanio
1395 3548 1431 3604 et
1454 3539 1601 3606 Colonia

361 3649 470 3728 missi,
493 3649 664 3717 valentin
687 3649 846 3716 Domino.
872 3650 975 3717 Valet
995 3649 1097 3716 etiam
1121 3649 1279 3717 Andreas
1307 3651 1449 3734 Frisius,
1475 3652 1534 3739 qui
1563 3655 1600 3722 in

418 3819 425 3851 ³
464 3819 508 3873 Ex
526 3819 704 3892 apographo,
723 3819 753 3872 in
774 3817 846 3873 Cori.
868 3816 972 3872 Coton.
991 3819 1012 3872 Ι
1016 3818 1048 3883 V,
1066 3817 1118 3873 fol.
1137 3817 1200 3887 267.
1226 3818 1310 3875 Hanc
1332 3821 1498 3895 epistolam,
1520 3825 1601 3880 notis

361 3909 547 3979 illustratam,
562 3907 654 3963 edidit
665 3908 697 3964 P.
709 3909 931 3978 Braunsberger
941 3907 971 3961 in
982 3907 1225 3980 Zeitscirriftfttr
1234 3910 1414 3966 katholisclre
1428 3913 1600 3986 Titeologie,

295 3993 314 4060 ,'
364 4013 448 4069 pags.
463 3995 517 4051 316
530 4008 560 4051 et
572 3995 624 4068 317
639 3997 827 4066 (Iunsbruck,
843 3995 934 4065 1885).
945 3997 990 4051 Ex
1003 3998 1059 4051 hoc
1071 3996 1137 4051 loco
1149 4013 1215 4051 eam
1233 3999 1343 4054 recusit
1361 3999 1394 4057 P.
1413 4001 1551 4056 Pachtler
1567 4003 1600 4057 in

355 4103 451 4158 opere
476 4087 673 4142 Monumento
702 4086 888 4142 Germaniae
913 4086 1132 4159 paedagogica.
1147 4087 1286 4142 -Rotio
1310 4089 1499 4159 studiorum,
1521 4099 1545 4145 t.
1572 4093 1597 4162 l,

362 4187 446 4246 page.
460 4173 514 4243 370
528 4185 558 4230 et
570 4173 634 4244 371.
648 4174 719 4246 Ejus
733 4173 923 4230 summarium
936 4175 1028 4230 habes
1042 4175 1072 4230 in
1084 4174 1187 4230 codice
1201 4175 1320 4249 Regest.
1334 4177 1361 4245 t,
1374 4177 1424 4235 iol.
1438 4177 1498 4251 87r,
1517 4197 1596 4237 vers.

366 4276 400 4333 ¹4
416 4263 458 4386 ξδ’
469 4352 540 4411 Liri.
557 4353 735 4422 Quodnisi,
749 4351 786 4420 ll,
801 4365 831 4420 5.

417 4443 429 4474 ⁵
466 4441 615 4496 Gerardus
633 4441 776 4513 Tacquet,
791 4441 961 4512 insulensis,
974 4440 1050 4496 alius
1063 4457 1081 4496 a
1093 4441 1226 4498 Gerardo
1238 4445 1383 4513 Brassica,
1396 4444 1594 4504 dordraceusi.

363 4530 509 4600 Hansun,
525 4531 701 4587 Rbeirrisclta
713 4531 810 4586 Aleten
830 4531 893 4586 Zur
914 4529 1083 4587 Gcsciticltte
1099 4532 1151 4586 cles
1164 4531 1423 4604 Jesuitcnordens,
1441 4552 1525 4607 pags.
1546 4535 1598 4592 183

426 4633 470 4673 ο.

357 4629 395 4674 et
408 4632 430 4743 ²⁴
444 4619 565 4782 6Epist.
579 4709 704 4773 Missae,
719 4709 756 4776 11,
770 4708 833 4780 817³
848 4708 1032 4780 Focaneus,
1044 4707 1168 4773 chron,
1183 4709 1298 4780 11,424.
