3634 5417
401 512 457 579 408
784 513 990 569 Moumaum
1011 511 1189 565 leuamen

434 667 488 731 2.⁰
533 666 571 731 In
588 684 670 732 caso
686 666 754 731 che
769 668 819 732 Μ.
844 665 982 731 Manuel
1000 666 1011 697 ⁵
1028 684 1096 729 non
1114 673 1251 748 potesse
1273 664 1401 731 andare
1424 662 1459 729 in
1481 663 1597 730 Corsi·

368 804 421 862 ca,
436 780 634 869 Jouanietto
650 783 777 847 andara
791 801 859 847 con
873 780 942 845 don
959 776 1137 858 Siluestm,
1157 790 1191 846 et
1208 780 1255 845 M.
1277 779 1444 847 Emanuel
1460 800 1498 847 se
1517 778 1596 846 reti·

368 898 441 962 tarn
461 895 496 962 in
514 899 541 963 F
543 897 677 963 iorenza
694 918 715 962 0
732 898 900 982 Bologna‚
919 915 940 961 0
956 916 976 960 a
991 882 1059 961 vno
1081 894 1124 961 de
1141 893 1163 958 li
1180 891 1256 959 altri
1273 893 1408 979 collegii
1430 894 1473 960 de
1491 893 1595 975 ltalia,

366 1026 399 1079 et
417 1015 460 1079 M.
480 1012 597 1079 Cesari
613 1016 709 1097 potul
725 1011 931 1077 domandare
948 1032 992 1075 vn
1011 1030 1203 1097 compagno
1219 1010 1262 1075 de
1275 1012 1365 1076 bona
1378 1008 1596 1078 edificatione

368 1130 412 1194 de
427 1130 584 1215 Bologna
601 1150 623 1193 o
638 1130 793 1205 Famam,
811 1148 833 1192 o
850 1146 933 1193 uero
951 1124 1021 1192 lara
1037 1146 1140 1192 senza
1156 1125 1240 1190 infin
1257 1146 1275 1189 a
1293 1126 1502 1193 Settembre.

435 1246 486 1327 3.⁰
534 1247 581 1310 M.
608 1242 726 1310 Cesari
748 1263 785 1309 se
807 1240 956 1328 presenti
980 1240 1095 1307 subito
1117 1242 1149 1307 al
1171 1242 1269 1309 Rmo.
1295 1262 1445 1308 vesoouo
1461 1243 1488 1321 ⁶,
1512 1251 1546 1306 et
1568 1244 1596 1305 s’

365 1359 522 1425 offerisca
538 1380 600 1443 per
616 1358 696 1445 ogni
714 1379 794 1425 cosa
810 1358 866 1422 del
881 1355 1022 1423 seruitio
1038 1356 1156 1423 diuino
1172 1354 1206 1422 in
1218 1359 1285 1425 che
1298 1358 1399 1422 vornl
1414 1356 1598 1443 adoperar-

366 1476 402 1541 lo
418 1474 454 1540 in
470 1476 545 1540 loeo
561 1476 605 1541 de
612 1475 689 1549 ,don
704 1474 888 1554 Siluestro,
906 1474 937 1539 al
955 1474 1055 1557 quale
1073 1473 1196 1539 manda
1212 1474 1251 1541 S.
1269 1474 1306 1541 S.
1327 1472 1360 1538 in
1377 1471 1518 1539 Corsica
1539 1494 1599 1558 per

368 1592 516 1675 qualche
532 1602 658 1675 tempo.

435 1705 489 1789 4⁰
534 1705 571 1774 Si
586 1705 642 1771 dia
658 1725 824 1791 speranza
840 1705 872 1770 al
887 1726 1041 1773 vescouo
1056 1716 1090 1771 et
1107 1704 1206 1771 amici
1219 1704 1308 1773 della
1320 1688 1402 1769 eiua
1413 1705 1481 1769 che
1495 1714 1599 1769 retor-

369 1821 451 1887 nara
467 1821 534 1888 don
552 1820 729 1903 Siluestro;
748 1832 782 1887 et
798 1841 860 1907 per
875 1820 898 1886 il
916 1821 1108 1890 Settembre
1125 1842 1145 1887 o
1162 1819 1327 1907 principio
1343 1819 1377 1886 di
1400 1821 1554 1887 Octobre
1570 1819 1600 1886 si

370 1936 532 2002 mandata
550 1938 607 2001 vn'
625 1938 712 2003 altro
728 1938 906 2003 sacerdote
918 1938 985 2003 <ion
998 1947 1085 2003 sette
1101 1958 1122 2001 0
1134 1948 1206 2003 otto
1222 1935 1381 2015 scholari,
1399 1937 1450 2001 fra
1467 1934 1490 1999 li
1508 1934 1601 2020 quali

372 2050 468 2117 siano
483 2050 621 2119 maestri
638 2073 699 2136 per
714 2051 896 2139 insegnare
912 2050 1067 2137 principii
1083 2052 1127 2117 de
1142 2052 1264 2119 lettere
1279 2051 1395 2119 latine.

936 2197 1027 2277 2861

544 2327 685 2393 PATRI
708 2326 908 2425 CAESARI
932 2328 1188 2395 AVERSANO
1213 2328 1272 2395 ET
1297 2327 1417 2395 ALIIS

737 2473 826 2517 nouo
848 2474 880 2515 10
899 2474 1094 2516 SEPTEMBfflS
1115 2474 1183 2529 1552
1204 2464 1225 2515 ¹.

370 2584 482 2656 Scopas
495 2586 549 2655 qui
561 2585 732 2640 intenditur
744 2586 778 2639 iu
791 2587 956 2641 mutinensi
969 2586 1125 2641 Societou's
1137 2587 1400 2659 collegio-Quae
1412 2584 1601 2658 prcoesloudo

420 2675 493 2728 sint.-
507 2686 535 2729 ι.
549 2678 584 2728 ut
595 2680 810 2729 conserventur
822 2680 1055 2747 ozcgenuturqua
1067 2676 1140 2731 socii
1154 2675 1278 2747 spiritu,
1293 2677 1405 2731 litteris
1417 2680 1445 2730 et
1464 2690 1598 2737 numero,

421 2777 449 2818 2.
464 2768 496 2816 ut
510 2763 618 2821 bouum
632 2762 800 2833 exemplum
808 2763 990 2836 fructumque
1003 2762 1224 2821 mutinensibus
1233 2765 1452 2837 praenotandum
1465 2776 1491 2833 3.
1506 2766 1539 2817 ut
1551 2779 1603 2816 no-
1681 2794 1685 2801 ·

421 2870 491 2907 vum
506 2851 667 2925 collegium
682 2852 769 2907 rebus
780 2870 896 2925 quoque
910 2854 1124 2926 temporalibus
1142 2860 1170 2911 ot
1187 2856 1228 2909 ad
1247 2856 1342 2911 autam
1361 2854 1548 2915 necessariis,
1567 2858 1602 2905 ut

417 2947 479 3014 par
492 2946 545 3009 est,
557 2940 736 2997 stabiliatur
748 2946 777 2997 et
789 2949 913 2998 crescat.
1191 2948 1198 2963 ¹

498 3086 758 3163 ‘INSTRUCTION
776 3088 846 3135 DEL
863 3087 965 3135 MODO
982 3088 1030 3135 DE
1047 3088 1235 3137 PROCEDER
1253 3089 1291 3135 IN
1310 3088 1454 3135 MODENA

435 3208 502 3274 Tre
519 3228 598 3275 cose
614 3229 695 3294 pare
710 3208 739 3275 si
755 3208 925 3277 debbiano
943 3211 1122 3295 pretender
1138 3209 1172 3275 in
1194 3210 1354 3278 Modena:
1378 3231 1457 3287 vna,
1476 3210 1543 3276 che
1561 3228 1598 3275 se

368 3322 574 3390 conseruino
590 3334 625 3391 et
641 3324 865 3408 augmentino
882 3324 984 3408 quelli
1002 3326 1044 3391 de
1061 3326 1092 3392 la
1109 3324 1324 3411 Compagnia
1339 3325 1374 3389 in
1387 3323 1519 3409 spirito,
1533 3325 1599 3390 let-

369 3450 440 3503 tere
456 3448 491 3503 et
508 3457 662 3519 numero;
686 3439 784 3517 altra,
808 3440 875 3506 che
895 3443 924 3505 s'
947 3440 1086 3507 attenda
1107 3440 1172 3507 alla
1192 3438 1386 3507 edification
1408 3440 1496 3508 della
1516 3439 1598 3506 oltta

367 3564 402 3618 et
419 3553 526 3618 frutto
540 3552 574 3618 di
592 3554 716 3639 quella;
736 3554 834 3632 altra,
850 3558 914 3620 che
927 3553 954 3621 si
968 3555 1187 3621 stabiliscano
1200 3578 1223 3641 y
1235 3554 1458 3641 angmentino
1472 3556 1504 3623 le
1518 3576 1599 3623 cose

371 3666 548 3753 temporali
565 3668 618 3734 del
636 3690 730 3733 nouo
748 3670 906 3756 collegio
926 3670 1021 3737 accio
1037 3671 1127 3737 nella
1149 3671 1257 3757 prima
1277 3681 1312 3738 et
1332 3672 1481 3737 soconda
1502 3682 1599 3757 parte

369 3781 418 3849 sia
434 3782 493 3868 pin
510 3783 638 3851 seruito
655 3783 678 3848 il
695 3784 853 3870 Signore.

433 3899 482 3965 La
499 3900 608 3984 prima
625 3912 732 3984 parte,
752 3902 816 3967 che
838 3912 915 3966 toea
937 3923 956 3966 a
978 3900 1081 3987 quelli
1097 3902 1140 3970 de
1160 3904 1193 3969 la
1209 3900 1437 3989 Compagnia,
1460 3904 1479 3969 ὁ
1501 3924 1600 3969 come

368 4014 591 4080 fondamento
608 4014 686 4081 dell’
705 4016 802 4098 altre;
822 4018 960 4102 perche,
979 4028 1108 4102 quanto
1124 4039 1246 4085 sarano
1266 4016 1421 4104 megllori
1438 4017 1524 4097 loro,
1544 4040 1599 4085 sa·

418 4283 430 4315 ⁵
468 4282 643 4337 Emmanuel
657 4282 780 4357 Gomes,
797 4283 955 4355 lusitanus,
973 4282 1069 4339 dictus
1088 4302 1105 4341 a
1121 4285 1214 4357 patria
1232 4302 1286 4341 sua
1298 4286 1472 4343 Emmanuel
1490 4286 1600 4361 Montio

367 4370 485 4440 majoris
499 4372 547 4424 vel
562 4370 617 4425 «de
630 4372 864 4443 Montemayorn.

418 4460 430 4491 ⁶
469 4458 613 4531 Aegidius
627 4461 650 4514 F
651 4461 826 4530 oscararius,
840 4462 998 4535 episcopus
1012 4462 1200 4518 mutinensis.

420 4638 426 4667 ¹
466 4638 508 4692 Ex
522 4640 702 4710 apographo,
716 4640 746 4694 in
758 4639 861 4695 codice
875 4642 992 4697 Deerat.
1007 4646 1035 4697 et
1048 4642 1137 4698 instr.
1152 4642 1183 4700 ff.
1200 4642 1347 4712 114v·116.
1366 4646 1413 4701 De
1430 4644 1600 4717 scriptionis

367 4736 498 4797 tempore
512 4728 580 4783 vide
591 4728 774 4802 superiorem
787 4730 954 4802 epistolam,
968 4741 1068 4789 annot.
1087 4745 1111 4787 1.
