3634 5417
482 495 586 551 Eersr.
606 491 686 566 3129.
694 495 760 550 -26
778 509 845 552 nur
862 507 896 564 27
916 496 1101 554 Dacsnsms
1122 509 1191 566 1552
1364 510 1418 568 579
1452 514 1458 530 ¹

218 647 275 729 sii,
294 648 351 734 qui
370 671 430 736 per
450 647 713 716 constitutiones
740 669 809 719 non
831 649 1072 729 excluduntur,
1103 660 1218 716 tamen
1234 654 1303 715 buc
1319 649 1354 715 in
1372 673 1452 736 pre·

220 763 407 830 sentiarum
425 763 513 830 mitti
529 786 597 830 non
614 764 802 844 debebunt,
817 761 896 849 quia
914 762 996 833 satis
1012 764 1110 830 multi
1128 776 1309 844 venerunt,
1328 776 1363 833 et
1379 765 1453 832 aliis

221 879 408 965 superioris
424 881 632 948 Germaniae
653 879 852 966 regionibus
868 881 983 946 locum
1002 880 1145 964 relinqui
1162 891 1308 966 oportet.
1323 881 1360 948 Si
1376 881 1453 966 quis

222 1008 337 1062 tamen
349 1007 441 1063 esset
458 1007 526 1061 tam
544 994 738 1082 insignibus
754 993 818 1062 Dei
834 995 936 1062 donis
950 995 1115 1081 preditus,
1130 1009 1167 1060 vt
1179 1017 1283 1082 opere
1300 995 1450 1082 precium

219 1110 395 1177 videretur
412 1114 482 1178 huc
499 1111 673 1191 destinari,
692 1110 786 1197 prius
803 1112 842 1178 T.
857 1113 898 1177 R.
916 1109 980 1178 ¹de
992 1110 1067 1178 eius
1079 1113 1208 1178 talento
1224 1133 1286 1178 nos
1302 1124 1451 1188 moneat,

218 1236 257 1293 et
274 1247 474 1312 responsum
492 1229 661 1311 expectet,
681 1247 782 1311 quam
799 1229 867 1292 huc
881 1225 1005 1292 mittat.

284 1343 374 1430 Jam,
395 1343 437 1408 de
454 1341 529 1427 ipso
556 1341 702 1428 collegio
730 1342 928 1428 germanico
955 1353 993 1406 vt
1009 1341 1122 1427 aliqua
1142 1353 1164 1382 ¹¹
1180 1341 1303 1422 dicam,
1323 1343 1394 1410 sere
1410 1360 1454 1424 24

219 1468 302 1522 sunt
318 1457 463 1526 iuuenes
480 1457 514 1524 in
537 1479 591 1538 eb,
611 1468 645 1526 et
661 1456 759 1525 breui
777 1458 886 1524 multo
908 1458 1023 1544 plures
1045 1457 1279 1538 admittentur,
1298 1459 1359 1526 sed
1375 1477 1453 1524 cum

220 1573 369 1654 delectu,
388 1585 424 1642 et
440 1595 508 1639 non
526 1573 651 1660 passim
669 1571 726 1658 qui
744 1595 781 1640 se
798 1573 983 1640 obtulerint
999 1585 1026 1652 ¹¹,
1041 1573 1123 1658 quin
1137 1573 1249 1660 potius
1265 1573 1360 1640 iuxta
1372 1593 1454 1639 con·

217 1687 417 1758 stitutiones
439 1692 513 1770 has,
533 1711 618 1774 quas
639 1689 817 1772 mittimuS,
837 1689 1052 1761 examinandi
1074 1700 1175 1758 erunt
1191 1701 1205 1730 ⁰
1228 1711 1287 1775 per
1303 1709 1375 1766 eos,
1395 1689 1453 1774 qui

217 1806 263 1870 ad
287 1807 353 1870 hoc
379 1803 557 1880 electionis
581 1827 706 1872 munus
731 1803 997 1884 constituentur,
1016 1805 1076 1890 qui
1095 1815 1197 1872 erunt
1218 1803 1255 1870 in
1275 1804 1371 1884 locis,
1396 1803 1455 1870 vbi

221 1931 338 1986 nostra
354 1919 508 1989 So:ietas
524 1931 692 2001 versatur,
711 1919 893 2006 praepositi
909 1922 964 1987 vel
980 1930 1131 1988 rectores
1146 1919 1369 2006 collegiorum
1387 1941 1453 1986 no·

218 2047 381 2102 strorum.
402 2037 444 2102 Et
461 2039 533 2104 fere
549 2036 593 2104 de
610 2035 768 2104 omnibus
784 2038 852 2102 buc
875 2035 1050 2105 mittendis
1070 2035 1165 2123 prius
1185 2057 1248 2101 nos
1269 2036 1453 2105 admonere

219 2163 255 2218 et
269 2171 473 2238 responsum
491 2162 673 2237 expectare
699 2151 884 2238 oportebit,
903 2151 969 2218 nisi
986 2151 1089 2238 aliqui
1112 2164 1181 2218 tam
1197 2150 1310 2217 idonei
1330 2161 1450 2216 ettam

218 2267 374 2353 insignes
395 2281 522 2346 essent,
546 2277 594 2346 vt,
618 2289 688 2333 non
715 2248 893 2353 expectato
920 2288 1098 2354 respons0,
1127 2266 1266 2333 omnino
1294 2264 1451 2340 mittendi

218 2381 429 2450 viderentur.
449 2384 567 2468 ltaque
582 2385 703 2452 harum
719 2381 1002 2450 constitutionum
1023 2383 1217 2470 exemplum
1238 2403 1344 2448 vnum
1368 2380 1451 2446 reti-

219 2499 351 2564 nebunt
369 2498 490 2566 fratres
518 2497 746 2578 louanienseS,
771 2510 807 2566 et
823 2519 886 2566 nos
906 2500 1051 2564 alterum
1068 2499 1111 2565 ad
1139 2495 1319 2564 vienenses
1335 2495 1451 2565 mitte·

218 2635 306 2679 mus.
327 2615 403 2680 Tua
415 2613 504 2680 Rtia.
534 2615 588 2682 his
615 2624 742 2682 vtetur.
762 2618 850 2684 Toto
877 2613 1037 2700 sequenti
1069 2628 1152 2698 1553
1170 2634 1261 2680 anno
1278 2633 1387 2697 vsque
1402 2612 1470 2678 ad

217 2729 399 2797 Octobrim
415 2741 430 2781 Ρ
446 2731 645 2800 excolentur
662 2731 696 2796 in
710 2729 971 2801 humanioribus
987 2727 1121 2809 litteris,
1141 2727 1266 2809 latinis,
1285 2728 1398 2816 grecis
1415 2740 1451 2795 et

220 2843 398 2926 hebraicis;
414 2847 479 2912 sub
495 2846 674 2916 Octobrim
690 2847 899 2914 curriculum
916 2845 1041 2912 artium
1058 2858 1093 2912 et
1111 2845 1305 2930 theologiae
1321 2865 1449 2930 aggre-

218 2961 357 3028 dientur
373 2962 439 3026 sub
454 2961 592 3047 optimis
609 2961 898 3048 praeceptoribus.
923 2961 995 3048 Qui
1015 2960 1081 3029 iam
1103 2972 1349 3046 percurrerunt
1370 2958 1449 3046 phi-

221 3076 395 3162 losophiae
413 3097 572 3160 cursum,
583 3089 664 3145 ante
680 3076 714 3144 id
731 3088 865 3164 tempus
891 3077 929 3142 in
945 3076 1141 3163 repetendis
1161 3075 1227 3141 illis
1246 3074 1369 3141 studiis
1386 3073 1442 3141 ali·

209 3203 303 3276 quot
321 3213 456 3260 menses
471 3204 688 3273 consument,
707 3203 742 3261 et
759 3205 841 3259 tunc
858 3191 1053 3279 theologiae
1068 3213 1206 3278 operam
1222 3193 1367 3275 dabunt;
1389 3189 1449 3276 qui

220 3306 334 3374 minus
350 3319 431 3373 sunt
446 3301 630 3396 progressi,
650 3331 710 3394 pro
726 3308 928 3376 eruditionis
943 3329 1027 3376 suae
1043 3329 1215 3387 mensura,
1242 3306 1277 3372 in
1294 3305 1370 3372 aliis
1387 3328 1448 3391 op·

221 3421 377 3507 partunis
394 3423 516 3489 studiis
532 3425 734 3492 subsistent.

287 3540 451 3606 Summus
466 3539 620 3624 pontifex
633 3549 667 3605 et
689 3539 808 3624 optimi
830 3537 958 3623 quique
973 3558 1014 3604 ac
1034 3535 1240 3604 ornatissimi
1263 3536 1369 3603 huius
1384 3556 1448 3602 cu·

221 3653 292 3720 riae
309 3673 468 3738 proceres
480 3653 569 3719 serio
584 3656 748 3740 hocopus
761 3674 964 3740 promouere
980 3651 1140 3719 inanimo
1154 3652 1295 3730 habent,
1309 3661 1358 3731 et,
1372 3652 1449 3716 Deo

219 3765 374 3850 iuuante,
395 3767 525 3834 felicem
543 3769 617 3837 eius
634 3789 867 3856 progressum,
885 3779 920 3834 et
936 3769 980 3834 ad
995 3766 1201 3836 Germaniae
1222 3768 1367 3834 salutem
1382 3765 1448 3831 im-

221 3881 340 3967 primis
356 3883 438 3950 vtile
462 3895 476 3933 ‘¹
492 3904 682 3970 speramus.

289 4000 373 4066 Vale
390 3997 424 4064 in
441 3999 518 4080 X.⁰,
536 3999 733 4068 charissime
751 4002 852 4066 Pater
868 4011 890 4082 ¹,
910 3999 1009 4066 cuius
1022 3998 1233 4066 orationibus
1255 4020 1374 4066 omnes
1391 4020 1448 4066 co·

222 4113 375 4181 mendari
391 4136 434 4182 ex
450 4114 565 4182 animo
582 4115 752 4202 cupimus·

289 4231 417 4299 Romae
433 4232 476 4296 26
491 4232 534 4298 de
550 4231 753 4298 Deziembre
774 4247 857 4315 1552
875 4243 897 4297 ¹.

230 4369 429 4382 ⁸—

274 4441 381 4514 lprius
397 4443 428 4498 P.
443 4443 522 4498 acR.
536 4443 637 4502 T.atr.
677 4461 734 4488 ..m
753 4443 862 4517 aliquid
874 4444 929 4501 alt.
970 4442 1267 4498 -nobtuteruntatr
1307 4455 1354 4483 -0
1369 4440 1451 4496 iuxta

218 4531 445 4587 constitutiones
453 4533 505 4587 has
515 4541 602 4588 erunt
611 4532 798 4588 examinandi
808 4533 862 4591 alt.
894 4565 918 4573 -
928 4549 943 4587 Ρ
953 4530 1114 4590 Octobrem
1125 4532 1342 4586 exercebuntur
1355 4537 1385 4584 et
1395 4529 1450 4587 alt.

219 4637 269 4676 -o
289 4621 391 4678 vtilem
409 4622 464 4676 alt.
503 4639 548 4666 -r
566 4621 656 4680 frater
673 4625 727 4682 att.
773 4639 816 4666 -ε
836 4624 871 4679 [ιι
889 4641 944 4678 ms.
963 4624 1054 4694 prius
1074 4623 1224 4693 scriptum
1241 4620 1323 4692 suit.-
1340 4619 1452 4674 Romae

216 4713 320 4784 quinto
336 4711 474 4767 calendas
488 4711 628 4782 Januarii,
646 4725 724 4784 15523
738 4713 800 4779 sed,
814 4711 971 4766 obliterato
988 4715 1109 4766 tantum
1125 4709 1212 4765 verbo
1225 4708 1370 4780 januarii,
1388 4708 1450 4778 ipse
