3634 5417
631 541 736 600 Eam.
756 539 912 609 2725.-13
931 541 1014 613 Juui
1035 554 1103 612 155²

812 751 919 832 2725

366 881 520 976 aaran
538 883 755 970 Joauuas
778 859 841 950 ba
865 885 1093 954 Pouauco
1119 887 1181 954 ux
1205 888 1357 957 couri.

468 1099 472 1106 4
535 1015 656 1072 PATRI
674 1015 917 1076 HIERONYMO
938 1017 1186 1080 DOMENECCO

679 1154 769 1201 noua
790 1140 823 1198 13
839 1155 918 1208 Juun
939 1155 1008 1214 1552
1026 1143 1045 1198 ¹.

245 1262 381 1320 Litterae
391 1264 954 1337 amnemamnem-Da
971 1269 1146 1326 candidatis
1166 1269 1296 1328 Romam
1314 1271 1425 1328 missis:
1444 1290 1480 1328 aa

297 1352 439 1410 animiam
451 1355 643 1425 despondeat,
658 1358 687 1410 et
699 1353 779 1409 alios
790 1356 910 1412 initiare
920 1355 1130 1429 pergat-De
1148 1358 1258 1430 tempto
1276 1359 1479 1415 valentino.-

297 1443 344 1497 De
365 1443 555 1516 Magdaleaa
572 1443 733 1518 Angelioa,
755 1443 935 1500 Domenecoi
953 1446 1154 1503 rorare-De
1172 1448 1334 1504 audiendis
1346 1447 1479 1522 Joannis

304 1531 403 1604 Vagae
414 1530 748 1603 coasmionibus.-De
761 1533 946 1606 Hieronymo
960 1533 1068 1590 Natali
1080 1553 1096 1592 a
1110 1535 1221 1592 Sicilia
1234 1538 1395 1598 educendo.

816 1657 895 1801 Ji,

313 1855 386 1920 Pax
402 1852 459 1920 X.¹

312 1969 505 2036 Charisimo
522 1972 633 2039 Padre
649 1976 717 2038 mio
731 1993 776 2039 en
787 1975 871 2061 Jesu
888 1971 955 2040 X.⁰

310 2085 365 2151 No
381 2089 419 2152 se
434 2086 463 2151 si
478 2107 524 2171 yo
540 2107 595 2153 ine
611 2091 748 2173 engane
769 2092 791 2154 ό
808 2089 851 2154 V.
875 2089 918 2154 R.
943 2109 987 2156 en
1008 2089 1042 2156 la
1062 2089 1262 2158 obediencia
1283 2091 1326 2156 de
1348 2091 1391 2157 N.
1418 2093 1473 2172 Ρ.,

240 2199 327 2286 digo
349 2221 393 2266 en
413 2202 579 2270 entender
595 2223 662 2286 que
683 2224 722 2270 se
742 2202 929 2271 remittiese
945 2205 978 2270 al
994 2225 1135 2290 parezer
1155 2205 1199 2272 de
1214 2206 1259 2275 V.
1279 2205 1335 2284 R,
1354 2225 1422 2292 que
1437 2228 1476 2273 es

240 2335 324 2382 cosa
344 2315 528 2402 impropria
547 2337 592 2384 en
612 2315 831 2386 obedienciae
851 2339 919 2404 que
940 2320 1060 2386 suelen
1081 2319 1253 2406 ynbiarse.
1276 2321 1475 2406 Vtcumque

240 2431 299 2512 sit,
324 2443 399 2498 esta
425 2455 470 2498 va
497 2433 591 2500 clara
614 2436 724 2514 harto,
749 2456 771 2520 y
795 2455 858 2520 por
880 2433 1178 2521 quadruplicadas,
1210 2455 1342 2522 porque
1369 2458 1414 2502 no
1437 2457 1474 2504 so

238 2547 358 2633 pierda
373 2550 399 2614 ⁸.

307 2665 449 2748 Quanto
464 2670 485 2732 a
500 2665 551 2732 ios
566 2665 685 2734 demas
702 2686 770 2750 que
785 2687 822 2732 se
837 2666 1088 2747 demandauan,
1108 2687 1271 2752 personas
1287 2677 1302 2708 ⁸
1318 2666 1474 2736 eminen-

239 2789 305 2861 tes,
323 2778 352 2845 si
367 2799 414 2844 no
429 2778 481 2845 los
496 2800 540 2866 ay
557 2780 654 2860 tales,
671 2801 810 2867 vengan
826 2782 871 2848 de
887 2783 939 2848 los
955 2803 1023 2868 que
1039 2787 1112 2848 mas
1134 2803 1171 2849 se
1187 2783 1322 2868 allegari
1344 2789 1364 2848 a
1384 2793 1471 2865 esto,

238 2894 372 2962 buenos
394 2893 584 2978 subiectos,
610 2897 662 2963 los
685 2918 754 2981 que
776 2899 821 2964 V.
847 2899 889 2964 R.
916 2898 1022 2983 podra
1038 2908 1128 2966 traer
1149 2897 1305 2986 eonsigo,
1324 2921 1346 2984 y
1368 2919 1413 2966 no
1434 2919 1472 2966 se

236 3010 399 3095 desmaye
416 3011 503 3077 uada
520 3006 630 3098 por'el
645 2985 810 3082 suecessso
825 3014 870 3080 de
886 3015 939 3079 los
953 3025 1060 3093 otros,
1079 3035 1146 3100 que
1158 3015 1190 3080 el
1202 3013 1393 3099 vizcayn0³
1410 3036 1469 3081 era

236 3147 284 3190 vn
299 3127 450 3209 remella
466 3125 481 3166 ¹³
496 3127 539 3194 de
555 3129 607 3194 ios
623 3134 696 3194 mas
719 3140 983 3216 estrauagantes
1004 3149 1071 3214 que
1092 3151 1129 3196 se
1146 3130 1287 3216 podrian
1303 3130 1411 3196 hallar
1426 3149 1471 3196 en

289 3333 304 3374 ¹
337 3333 405 3389 Hoc
425 3333 550 3388 veroum
571 3333 693 3390 addidit
716 3335 746 3392 S.
769 3334 925 3410 ignatius.
963 3337 1014 3380 -b
1035 3333 1122 3408 Lege:
1143 3351 1183 3392 un
1201 3335 1350 3404 cerebelo,
1365 3335 1398 3390 id
1415 3337 1470 3400 at,

235 3435 295 3474 una
309 3421 430 3476 cabeza.

247 3662 249 3665 .
290 3608 298 3640 ¹
337 3609 381 3664 Ex
398 3607 577 3665 adversariis
589 3610 779 3684 autographis
796 3609 829 3665 P.
844 3609 975 3680 Polanci,
993 3628 1010 3666 a
1023 3611 1054 3668 S.
1070 3612 1186 3682 ignatio
1197 3609 1362 3681 castigatis,
1377 3609 1407 3666 in
1420 3627 1469 3666 co·

234 3695 302 3754 dice
314 3697 413 3771 Epist.
428 3697 559 3756 Poianoi
568 3715 605 3756 aa
616 3716 737 3765 comm„
753 3711 764 3755 1
780 3698 844 3772 aa,
857 3717 888 3758 a.
901 3699 968 3770 216,
981 3700 1063 3773 prius
1075 3713 1139 3771 209.
1154 3700 1253 3772 Huius
1267 3706 1298 3754 et
1311 3697 1470 3770 superioris

236 3785 380 3860 epistolae
392 3788 595 3858 summarium,
608 3787 688 3861 quod
699 3787 737 3844 ad
750 3789 862 3846 calcem
875 3788 962 3860 hujus
976 3788 1160 3845 monumenti
1174 3789 1361 3856 exhibemus,
1372 3795 1470 3844 exstat

234 3875 265 3930 in
277 3875 379 3932 codice
392 3877 512 3950 Regest.
527 3877 554 3945 Ι,
567 3875 618 3932 fol.
631 3877 700 3946 61v,
714 3893 793 3934 vers.
807 3875 904 3948 25-35.

286 3967 299 4004 ¹
334 3965 411 4022 Vide
424 3967 581 4039 epistolam
594 3967 787 4040 superiorem.

287 4055 299 4088 ⁸
336 4055 435 4112 «Inter
447 4055 562 4129 aliquos
575 4057 699 4112 Romam
712 4057 819 4126 missos
831 4073 849 4112 a
862 4057 895 4114 P.
910 4055 1094 4126 Hieronymo
1107 4055 1225 4129 quidam
1245 4054 1383 4112 sacerdos
1400 4071 1468 4110 can-

233 4145 329 4212 taber,
342 4144 374 4200 in
385 4143 493 4202 studiis
503 4153 674 4217 provectus,
694 4145 762 4213 tuit,
782 4154 814 4202 ut
834 4145 898 4220 ipse
916 4153 1015 4202 tamen
1033 4144 1182 4201 fatebatur
1200 4145 1234 4200 P.
1255 4143 1466 4216 Hieronymus,

233 4249 336 4304 parum
348 4241 492 4301 maturus,
504 4233 555 4308 qui
568 4233 600 4290 ia
611 4232 814 4306 spiritualibus
826 4233 979 4290 exercitiis
993 4235 1134 4306 probatus
1147 4249 1206 4290 non
1218 4231 1325 4301 iuerat,
1336 4231 1388 4288 sed
1403 4250 1467 4305 spe·

231 4323 317 4377 rabat
329 4321 379 4377 ilie
392 4323 516 4378 muitum
529 4339 563 4378 se
575 4321 759 4393 diligendum
772 4339 839 4379 esee
852 4339 869 4377 a
882 4322 916 4377 P.
931 4322 1045 4393 Ignatio
1059 4321 1136 4395 quod
1149 4338 1335 4377 communem
1349 4338 1416 4376 cum
1430 4339 1467 4377 eo

233 4411 356 4482 patriam
375 4412 509 4482 baberet,
530 4410 730 4484 Cantabriam,
750 4411 805 4468 sed
823 4411 910 4468 valde
929 4412 1097 4484 fallebatur,
1116 4411 1280 4468 cumcuim
1299 4426 1332 4466 se
1346 4411 1422 4486 bene
1436 4409 1467 4465 in

231 4499 455 4571 probationibus
467 4517 527 4556 non
538 4510 669 4573 gereret,
682 4520 698 4557 a
712 4502 862 4558 societate
874 4502 976 4558 statim
989 4501 1129 4558 dimissus
1142 4510 1198 4562 est.
1211 4501 1317 4556 Melius
1328 4517 1360 4557 se
1370 4501 1467 4566 gessit

231 4588 357 4645 Michael
369 4591 469 4661 Barui,
483 4590 533 4663 qui
548 4607 615 4646 eum
628 4607 666 4647 eo
679 4600 813 4663 venerat,
827 4599 858 4649 et
871 4593 959 4665 paulo
972 4599 1039 4664 post
1052 4591 1232 4648 Benedictus
1246 4591 1375 4658 Pereira,
1398 4589 1465 4646 ado·

230 4678 348 4733 lescens
360 4680 528 4750 praeclarae
540 4679 658 4748 indolis,
672 4679 751 4753 quod
763 4680 800 4735 ad
811 4681 925 4737 litteras
938 4688 969 4736 et
980 4669 1121 4752 pietatem
1132 4680 1268 4736 attinet.»
1281 4678 1465 4748 POLANCUS,

232 4765 359 4831 cirron„
373 4767 412 4837 11,
423 4767 493 4837 652.

363 4863 469 4911 itonam
486 4865 707 4922 laren-Errat..
721 4879 782 4913 τοι.
799 4867 846 4915 Ν.
1301 4869 1327 4913 ‘tt
1445 4901 1448 4906 Δ
