3634 5417
368 534 421 590 702
752 519 959 577 1166667677
972 522 1160 578 ,1667777777

335 677 432 746 Amat,
450 677 588 746 Jacobus,
607 671 667 728 163.

335 765 470 835 Ancona,
483 781 564 836 opp,
578 775 638 833 191,
654 775 717 834 295.

300 917 301 920 ¹
335 856 452 925 Angeio
482 851 652 924 (Delauge),
685 851 847 908 Balduiuos
874 853 924 922 ab,

370 943 401 1001 S.
416 943 457 1015 J.,
471 939 657 998 incommoda
669 940 762 998 utitur
781 940 925 997 valetudi-

371 1051 419 1104 ne,
430 1032 493 1102 317.

336 1124 462 1196 Angliae
475 1122 641 1192 cardinalis,
654 1140 682 1182 v.
698 1122 798 1180 Polus.

336 1211 431 1275 Anna,
452 1207 601 1279 princeps,
618 1205 678 1262 filia
698 1203 879 1262 Ferdinandi
900 1205 923 1269 1,

371 1313 443 1353 uxor
466 1295 583 1351 Alberti
601 1295 638 1365 V,
658 1294 801 1350 Bavariae
819 1293 926 1366 princi·

336 1385 499 1548 Adtldedpbia
536 1475 748 1544 (Antwerpen,
786 1473 925 1542 Ansere),

372 1579 452 1634 opp,
466 1560 531 1630 364,
546 1573 609 1629 577.

337 1648 546 1724 Aphrodisium
561 1647 697 1718 (Africa),
707 1663 788 1721 opp,
803 1660 847 1718 29.

337 1739 549 1814 Aquinatensia
576 1737 748 1810 episcopus,
773 1755 803 1794 v.
836 1737 928 1792 Flori-

373 1830 510 1887 montius.

338 1917 508 1990 Aquitania,
521 1916 617 1988 regio,
632 1932 695 1988 494.

338 2006 498 2078 Aragonia,
512 2006 605 2076 regio,
622 2018 684 2077 147,
697 2004 760 2076 324,
780 2017 844 2076 475,
863 2017 927 2073 557,

372 2094 436 2163 673;
455 2095 614 2150 Societatis
631 2093 783 2166 provincia
801 2109 838 2150 ex
856 2093 928 2148 Ara-

372 2183 469 2256 gonia,
482 2183 621 2240 Valentia
634 2192 665 2238 et
674 2182 848 2240 Catalaunla
858 2199 927 2237 con·

373 2274 516 2344 stituitur,
537 2273 582 2342 533
605 2272 804 2346 provincialis,
822 2289 852 2327 7.
871 2271 927 2326 Ro·

374 2362 513 2419 dericius.

340 2454 486 2523 Aragonia
505 2449 557 2520 (de
573 2451 713 2523 Aragdn),
734 2451 857 2522 Joanna,
876 2449 930 2507 du·

374 2533 450 2597 cissa
467 2541 505 2596 de
523 2541 655 2596 Palliano
672 2549 703 2596 et
721 2540 925 2612 Tagliacozzo,

1015 671 1139 729 concilio
1148 663 1359 744 confirmanda,
1370 673 1494 744 jubetur
1506 689 1575 728 ces·

1015 779 1092 828 aare,
1106 775 1152 834 723
1178 761 1216 818 de
1237 762 1386 818 scribendi
1409 761 1514 818 ordine
1540 770 1573 818 et

1016 851 1182 926 frequentia
1194 849 1346 921 edocetur,
1362 849 1424 920 143,
1434 849 1499 923 213,
1505 849 1571 920 363,

1015 937 1079 1015 563,
1089 940 1220 1012 carpitur
1228 939 1308 1013 quod
1317 938 1487 1011 scriptionis
1496 947 1572 994 tem·

1015 1046 1072 1104 pus
1085 1027 1218 1101 epistolis
1230 1045 1290 1084 non
1304 1028 1485 1101 apposuerit,
1504 1026 1570 1099 3923

1015 1118 1157 1176 suadetur
1166 1127 1201 1172 ut
1218 1111 1315 1173 socios
1334 1117 1365 1173 in
1378 1118 1491 1174 Urbem
1505 1116 1572 1172 mit·

1016 1217 1072 1280 tat,
1088 1207 1293 1264 humaniorum
1310 1207 1475 1262 litterarum
1496 1206 1572 1278 peri-

1016 1305 1073 1368 tos,
1091 1297 1152 1369 1663
1166 1304 1197 1352 et
1219 1303 1254 1352 ut
1268 1294 1435 1350 subsidium
1455 1312 1511 1367 pro
1526 1311 1572 1350 ro·

1017 1401 1103 1442 mano
1124 1384 1262 1455 collegio,
1283 1383 1381 1457 inopia
1406 1386 1569 1454 laborante,

1016 1483 1176 1547 comparet,
1194 1487 1259 1544 477,
1282 1473 1346 1545 478;
1358 1473 1392 1529 fit
1410 1473 1519 1528 certior
1532 1473 1572 1529 de

1016 1564 1105 1620 sociis
1118 1563 1155 1618 ad
1167 1562 1286 1618 diversa
1302 1561 1466 1618 inchoanda
1481 1564 1573 1618 colle-

1017 1654 1067 1726 gia
1084 1653 1271 1726 proiecturis,
1289 1669 1323 1706 ac
1345 1651 1382 1706 de
1404 1651 1572 1723 occupatio·

1018 1745 1105 1800 nibus
1119 1743 1149 1798 in
1164 1743 1257 1811 Urbe,
1269 1740 1333 1810 758,
1354 1741 1418 1807 766;
1432 1756 1485 1812 pro
1503 1757 1571 1796 con·

1016 1830 1143 1888 cilianda
1157 1847 1228 1903 pace
1241 1830 1320 1886 16767
1340 1828 1481 1884 Carolum
1502 1831 1571 1885 Bor·

1017 1921 1097 1992 giam
1128 1920 1252 1992 ejusque
1286 1916 1419 1974 aemulos
1450 1916 1573 1989 jubetur

1017 2025 1085 2067 cum
1098 2007 1234 2079 Philippo
1247 2005 1378 2079 principe
1394 2023 1496 2076 agere,
1505 2004 1570 2074 3833

1017 2097 1161 2154 redeunte
1174 2097 1204 2150 in
1223 2095 1433 2166 Portugalliam
1450 2093 1571 2150 Roderi·

1017 2188 1076 2258 cio,
1089 2187 1195 2243 iterum
1210 2185 1302 2240 totius
1315 2185 1456 2256 hispanae
1473 2183 1572 2239 Socie-

1019 2278 1088 2332 tatis
1119 2274 1403 2330 administrationem
1435 2273 1570 2344 suscipit,

1018 2364 1081 2423 673.

983 2455 1131 2526 Argacha,
1179 2451 1353 2509 candidatus
1401 2451 1568 2520 societatis,

1018 2544 1143 2612 Neapoli
1156 2557 1352 2620 cpmmorans,
1366 2553 1428 2610 577.

375 2628 561 2684 concordiam
587 2646 655 2688 cum
685 2627 750 2683 viro
774 2643 828 2683 suo
853 2628 929 2685 inire
984 2635 1129 2704 Argenta,
1146 2649 1227 2703 opp„
1241 2631 1303 2698 516.

375 2718 526 2789 suadetur,
540 2721 603 2788 566,
618 2717 681 2788 533,
696 2715 757 2788 534.

375 3089 438 3156 797,
452 3075 516 3146 377,
534 3073 598 3146 366,
621 3087 684 3144 576,
703 3073 767 3142 537,
786 3074 848 3144 543,
864 3089 926 3148 572,

376 3162 437 3238 573,
453 3164 516 3234 586,
530 3163 594 3233 677;
606 3163 728 3236 jubetur
741 3163 871 3219 scribere
882 3183 930 3220 ur·

903 2735 911 2754 ·
983 2717 1572 2792 Argentoratum,aiiisArgentina(8tras-

341 2807 468 2864 Araldus
490 2808 634 2878 (Araid0),
658 2810 788 2880 Joannes
811 2809 929 2864 Franci-

375 2913 454 2965 scus,
468 2896 500 2952 S.
516 2899 556 2969 J.,
570 2896 666 2953 incola
684 2896 801 2967 collegii
819 2913 928 2970 neapo·

375 2986 469 3058 titani,
488 2999 547 3056 759,
566 2999 627 3058 179,
638 2999 702 3058 766,
718 2984 852 3057 776773,
865 2987 929 3073 786,

1020 2813 1134 2955 δέυτε),
1149 2826 1230 2882 ooo,
1252 2809 1298 2877 84,
1316 2807 1361 2877 85,
1380 2806 1426 2878 88,
1444 2807 1489 2878 86,
1510 2804 1571 2874 437,

984 2913 1150 3046 Arindinum
1168 2986 1314 3060 (Rimini),
1329 3001 1409 3058 opp,
1426 2998 1488 3055 767,
1506 2985 1570 3055 674,

984 3076 1165 3222 Α766ξ111665
1178 3165 1377 3234 (Armeliioo),
1388 3163 1571 3232 Franciscus,

375 3254 421 3310 bis
443 3253 606 3324 regionem,
633 3253 663 3306 in
688 3267 747 3324 qua
771 3249 929 3308 Societatis
1018 3255 1191 3320 cardinalis,
1219 3253 1389 3325 perusinum
1414 3253 1570 3322 collegium

374 3343 534 3413 collegium
560 3341 649 3396 situm
679 3349 740 3408 est,
769 3343 838 3413 160,
866 3343 929 3410 7677

376 3430 570 3490 melancholia
592 3431 716 3501 laborat,
741 3444 804 3503 2413
827 3447 930 3502 aegro-

377 3529 430 3591 tat,
444 3518 507 3592 376,
522 3522 560 3574 ab
582 3519 698 3591 ignatio
716 3519 850 3590 erigitur,
864 3519 928 3588 3123

372 3610 494 3684 jubetur
506 3612 584 3664 bono
597 3625 664 3664 esse
677 3609 786 3680 animo,
803 3607 866 3684 3263
885 3626 929 3663 sa·

375 3698 507 3754 cerdotio
522 3695 694 3764 initiandus,
709 3695 775 3764 580.

341 3785 483 3842 Araozius
505 3785 554 3856 (de
581 3785 701 3856 Araoz),
715 3785 747 3843 Ρ.
769 3785 927 3859 Antonius,

1020 3343 1076 3399 «de
1101 3341 1264 3414 sapientia»
1289 3341 1417 3411 dictum,
1444 3340 1571 3408 inchoat,

1020 3431 1085 3501 336,
1099 3430 1162 3500 337.

985 3522 1147 3588 Artemius,
1170 3521 1310 3592 joannes,
1336 3520 1368 3578 S.
1392 3521 1434 3590 J.,
1451 3520 1572 3573 Romam

1019 3611 1140 3667 Parisiis
1154 3611 1289 3681 mittitur,
1308 3609 1372 3679 329;
1386 3609 1424 3664 ad
1441 3627 1489 3664 res
1505 3625 1572 3664 suas

970 3749 975 3756 .
1019 3699 1237 3770 componendas
1249 3698 1405 3753 consilium
1418 3699 1457 3752 ab
1473 3697 1573 3752 italiae

1019 3785 1527 3860 prwtmiaujnnemrperere,32n

376 3875 410 3930 S.
425 3876 466 3946 J.,
478 3875 507 3930 in
519 3875 661 3947 Hispania
672 3875 857 3947 praepositus
866 3892 932 3947 pro·
986 3879 1061 3934 Asta
1078 3876 1173 3947 Regia
1190 3877 1291 3947 (Jerez
1311 3875 1350 3930 de
1364 3877 1392 3931 la
1409 3876 1573 3944 Frontem),

377 3963 522 4034 vincialis,
542 3978 587 4035 76,
608 3964 716 4034 57,67,
736 3963 781 4036 68,
800 3962 846 4034 73,
868 3977 931 4034 747.

379 4067 440 4126 744,
456 4053 516 4124 765,
540 4057 598 4125 776,
621 4063 680 4123 797,
704 4051 765 4123 793,
784 4065 846 4125 777,
866 4053 928 4126 773,

377 4155 505 4214 756-757,
527 4155 590 4214 754,
614 4153 675 4216 776,
701 4155 763 4212 779,
785 4141 848 4214 365,
862 4158 930 4215 466,

376 4231 442 4305 403,
462 4245 527 4302 475,
545 4244 609 4302 477,
624 4230 685 4304 539,
705 4245 769 4302 545,
787 4245 848 4304 550,
866 4245 928 4302 557,

377 4322 440 4392 674,
464 4322 527 4389 676;
550 4319 673 4376 docetur
691 4318 729 4376 de
752 4322 865 4376 ratione
888 4321 932 4377 in·

378 4409 520 4466 stituendi
533 4408 691 4465 Societatis
703 4411 840 4482 collegia,
850 4422 874 4481 5,
887 4421 930 4483 113

379 4500 415 4555 ad
429 4517 463 4554 ea
477 4517 557 4554 more
576 4499 675 4555 italico
694 4498 834 4570 erigenda
852 4501 930 4556 67761-

378 4596 468 4660 tatur,
484 4588 527 4660 18,
548 4602 590 4661 193
609 4604 626 4643 a
645 4589 835 4661 procurandis
854 4590 932 4646 litte·

1020 3984 1101 4040 opp,
1117 3965 1179 4036 138,
1195 3979 1256 4032 747,
1269 3981 1334 4036 466,
1347 3960 1411 4036 674,
1430 3965 1495 4034 677,
1509 3964 1573 4035 679.

986 4055 1153 4126 Astianum,
1167 4055 1233 4112 aliis
1246 4056 1424 4110 Hastianum
1435 4053 1572 4123 (Stiano),

1020 4145 1092 4200 villa
1116 4144 1260 4216 prioratus
1290 4143 1423 4216 patavini
1453 4142 1573 4198 SSmae.

1020 4233 1186 4303 Trinitatis,
1201 4232 1263 4302 593.

987 4323 1118 4389 Astrain,
1132 4323 1166 4381 Ρ.
1182 4323 1340 4392 Antonius,
1354 4324 1387 4380 S.
1400 4324 1443 4394 J.,
1461 4322 1574 4394 script„

1025 4409 1069 4483 73,
1081 4409 1126 4480 63,
1147 4411 1210 4481 763,
1223 4411 1287 4482 374;
1308 4411 1486 4483 Dionysium
1503 4412 1577 4466 Vaz-

1021 4519 1106 4574 quez,
1135 4501 1307 4574 scriptorem
1324 4502 1477 4557 sublestae
1495 4499 1576 4570 fidei,

1023 4593 1172 4664 emendat,
1189 4591 1248 4660 139.

379 4677 434 4749 ris,
461 4695 513 4750 pro
535 4677 685 4734 Societate
715 4678 743 4734 in
772 4679 933 4736 tridentino
989 4680 1342 4752 Astudillo,Franciscus
1358 4683 1409 4752 de,
1429 4680 1494 4755 378,
1512 4679 1577 4752 335,
