<?xml version="1.0" encoding="UTF-8"?>
<!DOCTYPE html PUBLIC "-//W3C//DTD XHTML 1.0 Transitional//EN"
    "http://www.w3.org/TR/xhtml1/DTD/xhtml1-transitional.dtd">
<html xmlns="http://www.w3.org/1999/xhtml" xml:lang="en" lang="en">
 <head>
  <title>
</title>
<meta http-equiv="Content-Type" content="text/html;charset=utf-8" />
  <meta name='ocr-system' content='tesseract 3.04.00' />
  <meta name='ocr-capabilities' content='ocr_page ocr_carea ocr_par ocr_line ocrx_word'/>
</head>
<body>
  <div class='ocr_page' id='page_1' title='image "./monumentaignati00unkngoog_0354.png"; bbox 0 0 3634 5417; ppageno 0'>
   <div class='ocr_carea' id='block_1_1' title="bbox 212 4753 221 4780">
    <p class='ocr_par' dir='ltr' id='par_1_1' title="bbox 212 4753 221 4780">
     <span class='ocr_line' id='line_1_1' title="bbox 212 4753 221 4780; baseline 0 0"><span class='ocrx_word' id='word_1_1' title='bbox 212 4753 221 4780; x_wconf 87' lang='lat'><strong>(</strong></span> 
     </span>
    </p>
   </div>
   <div class='ocr_carea' id='block_1_2' title="bbox 780 517 1186 574">
    <p class='ocr_par' dir='ltr' id='par_1_2' title="bbox 780 517 1186 574">
     <span class='ocr_line' id='line_1_2' title="bbox 780 517 1186 574; baseline 0.005 -2"><span class='ocrx_word' id='word_1_2' title='bbox 780 517 987 574; x_wconf 78' lang='lat' dir='ltr'>Moauussra</span> <span class='ocrx_word' id='word_1_3' title='bbox 1006 517 1186 574; x_wconf 73' lang='lat' dir='ltr'>tonsurus</span> 
     </span>
    </p>
   </div>
   <div class='ocr_carea' id='block_1_3' title="bbox 645 671 1317 900">
    <p class='ocr_par' dir='ltr' id='par_1_3' title="bbox 645 671 1317 900">
     <span class='ocr_line' id='line_1_3' title="bbox 928 671 1035 752; baseline 0.019 -2"><span class='ocrx_word' id='word_1_4' title='bbox 928 671 1035 752; x_wconf 77' lang='lat'>2769</span> 
     </span>
     <span class='ocr_line' id='line_1_4' title="bbox 645 788 1317 900; baseline 0.01 -33"><span class='ocrx_word' id='word_1_5' title='bbox 645 788 829 869; x_wconf 79' lang='lat' dir='ltr'>PATRI</span> <span class='ocrx_word' id='word_1_6' title='bbox 864 803 1143 872; x_wconf 89' lang='lat' dir='ltr'><strong>CLAUDIO</strong></span> <span class='ocrx_word' id='word_1_7' title='bbox 1174 807 1317 900; x_wconf 81' lang='lat' dir='ltr'>JnJo</span> 
     </span>
    </p>
   </div>
   <div class='ocr_carea' id='block_1_4' title="bbox 808 933 1152 1004">
    <p class='ocr_par' dir='ltr' id='par_1_4' title="bbox 808 933 1152 1004">
     <span class='ocr_line' id='line_1_5' title="bbox 808 933 1152 1004; baseline 0.006 -14"><span class='ocrx_word' id='word_1_8' title='bbox 808 948 896 991; x_wconf 83' lang='lat' dir='ltr'>noua</span> <span class='ocrx_word' id='word_1_9' title='bbox 909 933 945 990; x_wconf 80' lang='grc' dir='ltr'>3ο</span> <span class='ocrx_word' id='word_1_10' title='bbox 957 949 1034 1002; x_wconf 79' lang='lat' dir='ltr'>Jucn</span> <span class='ocrx_word' id='word_1_11' title='bbox 1050 949 1119 1004; x_wconf 81' lang='lat'>1552</span> <span class='ocrx_word' id='word_1_12' title='bbox 1133 939 1152 992; x_wconf 76' lang='lat'>⁸.</span> 
     </span>
    </p>
   </div>
   <div class='ocr_carea' id='block_1_5' title="bbox 363 1051 1598 1288">
    <p class='ocr_par' dir='ltr' id='par_1_5' title="bbox 363 1051 1598 1288">
     <span class='ocr_line' id='line_1_6' title="bbox 363 1051 1593 1130; baseline 0.006 -24"><span class='ocrx_word' id='word_1_13' title='bbox 363 1051 532 1124; x_wconf 73' lang='lat' dir='ltr'><strong><em>Collegium</em></strong></span> <span class='ocrx_word' id='word_1_14' title='bbox 543 1051 758 1123; x_wconf 74' lang='lat' dir='ltr'>germanicum</span> <span class='ocrx_word' id='word_1_15' title='bbox 773 1051 807 1105; x_wconf 83' lang='lat' dir='ltr'>in</span> <span class='ocrx_word' id='word_1_16' title='bbox 827 1051 905 1108; x_wconf 83' lang='lat' dir='ltr'><em>Urbe</em></span> <span class='ocrx_word' id='word_1_17' title='bbox 917 1051 980 1108; x_wconf 78' lang='lat' dir='ltr'>vult</span> <span class='ocrx_word' id='word_1_18' title='bbox 999 1052 1048 1106; x_wconf 82' lang='lat' dir='ltr'>illi</span> <span class='ocrx_word' id='word_1_19' title='bbox 1061 1056 1496 1128; x_wconf 71' lang='lat' dir='ltr'>eornmaridolum-Optimos</span> <span class='ocrx_word' id='word_1_20' title='bbox 1507 1075 1593 1130; x_wconf 79' lang='lat' dir='ltr'>quos·</span> 
     </span>
     <span class='ocr_line' id='line_1_7' title="bbox 416 1141 1598 1213; baseline 0.004 -17"><span class='ocrx_word' id='word_1_21' title='bbox 416 1159 472 1213; x_wconf 83' lang='lat' dir='ltr'>que</span> <span class='ocrx_word' id='word_1_22' title='bbox 478 1141 606 1213; x_wconf 80' lang='lat' dir='ltr'>juvenes</span> <span class='ocrx_word' id='word_1_23' title='bbox 619 1142 738 1196; x_wconf 82' lang='lat' dir='ltr'>mittere</span> <span class='ocrx_word' id='word_1_24' title='bbox 755 1142 796 1195; x_wconf 86' lang='lat' dir='ltr'>ad</span> <span class='ocrx_word' id='word_1_25' title='bbox 812 1141 893 1195; x_wconf 81' lang='lat' dir='ltr'>illud</span> <span class='ocrx_word' id='word_1_26' title='bbox 905 1145 1000 1206; x_wconf 81' lang='lat' dir='ltr'>curet,</span> <span class='ocrx_word' id='word_1_27' title='bbox 1014 1143 1066 1212; x_wconf 80' lang='lat' dir='ltr'>qui</span> <span class='ocrx_word' id='word_1_28' title='bbox 1084 1142 1197 1199; x_wconf 75' lang='lat' dir='ltr'>Romus</span> <span class='ocrx_word' id='word_1_29' title='bbox 1211 1159 1309 1200; x_wconf 78' lang='lat' dir='ltr'>rnartsa</span> <span class='ocrx_word' id='word_1_30' title='bbox 1325 1146 1448 1202; x_wconf 77' lang='lat' dir='ltr'><strong><em>Octobri</em></strong></span> <span class='ocrx_word' id='word_1_31' title='bbox 1464 1152 1520 1201; x_wconf 81' lang='lat' dir='ltr'>aut</span> <span class='ocrx_word' id='word_1_32' title='bbox 1537 1146 1598 1202; x_wconf 91' lang='lat' dir='ltr'>No·</span> 
     </span>
     <span class='ocr_line' id='line_1_8' title="bbox 419 1230 614 1288; baseline 0.01 -2"><span class='ocrx_word' id='word_1_33' title='bbox 419 1231 533 1286; x_wconf 81' lang='lat' dir='ltr'>vcrnbri</span> <span class='ocrx_word' id='word_1_34' title='bbox 543 1230 614 1288; x_wconf 76' lang='lat' dir='ltr'>sirit.</span> 
     </span>
    </p>
   </div>
   <div class='ocr_carea' id='block_1_6' title="bbox 924 1349 1038 1434">
    <p class='ocr_par' dir='ltr' id='par_1_6' title="bbox 924 1349 1038 1434">
     <span class='ocr_line' id='line_1_9' title="bbox 924 1349 1038 1434; baseline -0.044 -18"><span class='ocrx_word' id='word_1_35' title='bbox 924 1349 1038 1434; x_wconf 86' lang='lat' dir='ltr'>Jesus.</span> 
     </span>
    </p>
   </div>
   <div class='ocr_carea' id='block_1_7' title="bbox 364 1479 1595 1679">
    <p class='ocr_par' dir='ltr' id='par_1_7' title="bbox 364 1479 1595 1679">
     <span class='ocr_line' id='line_1_10' title="bbox 430 1479 1595 1574; baseline 0.005 -27"><span class='ocrx_word' id='word_1_36' title='bbox 430 1479 550 1547; x_wconf 84' lang='lat' dir='ltr'>Gratia</span> <span class='ocrx_word' id='word_1_37' title='bbox 565 1491 600 1546; x_wconf 89' lang='lat' dir='ltr'>et</span> <span class='ocrx_word' id='word_1_38' title='bbox 617 1501 681 1566; x_wconf 87' lang='lat' dir='ltr'>pax</span> <span class='ocrx_word' id='word_1_39' title='bbox 696 1479 825 1546; x_wconf 90' lang='lat' dir='ltr'>domini</span> <span class='ocrx_word' id='word_1_40' title='bbox 842 1480 950 1574; x_wconf 81' lang='lat' dir='ltr'>nostri</span> <span class='ocrx_word' id='word_1_41' title='bbox 963 1481 1047 1568; x_wconf 87' lang='lat' dir='ltr'>Jesu</span> <span class='ocrx_word' id='word_1_42' title='bbox 1064 1479 1120 1548; x_wconf 83' lang='grc' dir='ltr'>Χ.ἰ</span> <span class='ocrx_word' id='word_1_43' title='bbox 1136 1482 1170 1547; x_wconf 92' lang='lat' dir='ltr'>in</span> <span class='ocrx_word' id='word_1_44' title='bbox 1188 1484 1286 1550; x_wconf 87' lang='lat' dir='ltr'>nobis</span> <span class='ocrx_word' id='word_1_45' title='bbox 1301 1505 1436 1570; x_wconf 79' lang='lat' dir='ltr'>semper</span> <span class='ocrx_word' id='word_1_46' title='bbox 1453 1505 1595 1552; x_wconf 83' lang='lat' dir='ltr'>conser-</span> 
     </span>
     <span class='ocr_line' id='line_1_11' title="bbox 364 1599 855 1679; baseline 0.002 -19"><span class='ocrx_word' id='word_1_47' title='bbox 364 1606 464 1664; x_wconf 93' lang='lat' dir='ltr'>vetur</span> <span class='ocrx_word' id='word_1_48' title='bbox 480 1610 515 1664; x_wconf 86' lang='lat' dir='ltr'>et</span> <span class='ocrx_word' id='word_1_49' title='bbox 531 1608 710 1679; x_wconf 74' lang='lat' dir='ltr'>augeatur.</span> <span class='ocrx_word' id='word_1_50' title='bbox 730 1599 855 1663; x_wconf 83' lang='lat' dir='ltr'>Amen.</span> 
     </span>
    </p>
   </div>
   <div class='ocr_carea' id='block_1_8' title="bbox 270 1711 903 1780">
    <p class='ocr_par' dir='ltr' id='par_1_8' title="bbox 270 1711 903 1780">
     <span class='ocr_line' id='line_1_12' title="bbox 270 1711 903 1780; baseline 0.003 -2"><span class='ocrx_word' id='word_1_51' title='bbox 270 1722 274 1733; x_wconf 90' lang='lat'>&#39;</span> <span class='ocrx_word' id='word_1_52' title='bbox 325 1745 330 1756; x_wconf 88' lang='lat'><strong>·</strong></span> <span class='ocrx_word' id='word_1_53' title='bbox 430 1711 639 1779; x_wconf 86' lang='lat' dir='ltr'>Charissime</span> <span class='ocrx_word' id='word_1_54' title='bbox 653 1711 688 1776; x_wconf 92' lang='lat' dir='ltr'>in</span> <span class='ocrx_word' id='word_1_55' title='bbox 705 1711 771 1778; x_wconf 75' lang='grc' dir='ltr'>Χ.0</span> <span class='ocrx_word' id='word_1_56' title='bbox 787 1713 903 1780; x_wconf 81' lang='lat' dir='ltr'>irater.</span> 
     </span>
    </p>
   </div>
   <div class='ocr_carea' id='block_1_9' title="bbox 359 1803 1599 3072">
    <p class='ocr_par' dir='ltr' id='par_1_9' title="bbox 359 1803 1599 3072">
     <span class='ocr_line' id='line_1_13' title="bbox 431 1803 1594 1918; baseline 0.003 -23"><span class='ocrx_word' id='word_1_57' title='bbox 431 1829 509 1895; x_wconf 92' lang='lat' dir='ltr'>Non</span> <span class='ocrx_word' id='word_1_58' title='bbox 530 1803 635 1895; x_wconf 69' lang='lat' dir='ltr'>seinel</span> <span class='ocrx_word' id='word_1_59' title='bbox 656 1839 690 1896; x_wconf 91' lang='lat' dir='ltr'>te</span> <span class='ocrx_word' id='word_1_60' title='bbox 713 1828 920 1897; x_wconf 79' lang='lat' dir='ltr'>intellexisse</span> <span class='ocrx_word' id='word_1_61' title='bbox 941 1829 1086 1897; x_wconf 89' lang='lat' dir='ltr'>arbitror</span> <span class='ocrx_word' id='word_1_62' title='bbox 1106 1834 1149 1899; x_wconf 91' lang='lat' dir='ltr'>de</span> <span class='ocrx_word' id='word_1_63' title='bbox 1171 1831 1316 1918; x_wconf 85' lang='lat' dir='ltr'>collegio</span> <span class='ocrx_word' id='word_1_64' title='bbox 1337 1832 1538 1918; x_wconf 85' lang='lat' dir='ltr'>germanico</span> <span class='ocrx_word' id='word_1_65' title='bbox 1560 1831 1594 1898; x_wconf 93' lang='lat' dir='ltr'>in</span> 
     </span>
     <span class='ocr_line' id='line_1_14' title="bbox 359 1943 1595 2032; baseline 0.002 -22"><span class='ocrx_word' id='word_1_66' title='bbox 359 1947 428 2011; x_wconf 44' lang='lat' dir='ltr'>‘hac</span> <span class='ocrx_word' id='word_1_67' title='bbox 446 1945 533 2010; x_wconf 89' lang='lat' dir='ltr'>alma</span> <span class='ocrx_word' id='word_1_68' title='bbox 550 1944 644 2011; x_wconf 88' lang='lat' dir='ltr'>Urbe</span> <span class='ocrx_word' id='word_1_69' title='bbox 658 1943 834 2029; x_wconf 80' lang='lat' dir='ltr'>erigendo,</span> <span class='ocrx_word' id='word_1_70' title='bbox 854 1944 912 2009; x_wconf 91' lang='lat' dir='ltr'>ubi</span> <span class='ocrx_word' id='word_1_71' title='bbox 930 1945 1046 2014; x_wconf 86' lang='lat' dir='ltr'>selecti</span> <span class='ocrx_word' id='word_1_72' title='bbox 1060 1946 1215 2026; x_wconf 74' lang='lat' dir='ltr'>iuvenca,</span> <span class='ocrx_word' id='word_1_73' title='bbox 1235 1947 1292 2032; x_wconf 88' lang='lat' dir='ltr'>qui</span> <span class='ocrx_word' id='word_1_74' title='bbox 1308 1947 1458 2014; x_wconf 83' lang='lat' dir='ltr'>indolem</span> <span class='ocrx_word' id='word_1_75' title='bbox 1472 1949 1595 2014; x_wconf 88' lang='lat' dir='ltr'>bonam</span> 
     </span>
     <span class='ocr_line' id='line_1_15' title="bbox 365 2057 1596 2147; baseline 0.003 -22"><span class='ocrx_word' id='word_1_76' title='bbox 365 2070 401 2125; x_wconf 89' lang='lat' dir='ltr'>et</span> <span class='ocrx_word' id='word_1_77' title='bbox 421 2059 578 2145; x_wconf 79' lang='lat' dir='ltr'>apianae.</span> <span class='ocrx_word' id='word_1_78' title='bbox 601 2057 737 2143; x_wconf 87' lang='lat' dir='ltr'>pietatis</span> <span class='ocrx_word' id='word_1_79' title='bbox 757 2079 798 2125; x_wconf 87' lang='lat' dir='ltr'>ac</span> <span class='ocrx_word' id='word_1_80' title='bbox 820 2061 957 2126; x_wconf 88' lang='lat' dir='ltr'>virtutis</span> <span class='ocrx_word' id='word_1_81' title='bbox 977 2083 1071 2147; x_wconf 89' lang='lat' dir='ltr'>spem</span> <span class='ocrx_word' id='word_1_82' title='bbox 1092 2063 1287 2143; x_wconf 84' lang='lat' dir='ltr'>ostendant,</span> <span class='ocrx_word' id='word_1_83' title='bbox 1310 2063 1502 2129; x_wconf 89' lang='lat' dir='ltr'>instruendi</span> <span class='ocrx_word' id='word_1_84' title='bbox 1525 2075 1540 2102; x_wconf 78' lang='lat'>²</span> <span class='ocrx_word' id='word_1_85' title='bbox 1562 2063 1596 2130; x_wconf 92' lang='lat' dir='ltr'>in</span> 
     </span>
     <span class='ocr_line' id='line_1_16' title="bbox 363 2173 1597 2266; baseline 0.004 -25"><span class='ocrx_word' id='word_1_86' title='bbox 363 2173 517 2241; x_wconf 88' lang='lat' dir='ltr'>moribus</span> <span class='ocrx_word' id='word_1_87' title='bbox 531 2187 565 2240; x_wconf 86' lang='lat' dir='ltr'>et</span> <span class='ocrx_word' id='word_1_88' title='bbox 582 2175 673 2240; x_wconf 90' lang='lat' dir='ltr'>omni</span> <span class='ocrx_word' id='word_1_89' title='bbox 689 2195 817 2261; x_wconf 86' lang='lat' dir='ltr'>genere</span> <span class='ocrx_word' id='word_1_90' title='bbox 834 2177 1010 2245; x_wconf 90' lang='lat' dir='ltr'>doctrinae</span> <span class='ocrx_word' id='word_1_91' title='bbox 1025 2178 1203 2244; x_wconf 86' lang='lat' dir='ltr'>excolendi</span> <span class='ocrx_word' id='word_1_92' title='bbox 1220 2179 1461 2266; x_wconf 86' lang='lat' dir='ltr'>suscipiantur,</span> <span class='ocrx_word' id='word_1_93' title='bbox 1481 2190 1516 2248; x_wconf 90' lang='lat' dir='ltr'>et</span> <span class='ocrx_word' id='word_1_94' title='bbox 1531 2181 1597 2247; x_wconf 88' lang='lat' dir='ltr'>sub</span> 
     </span>
     <span class='ocr_line' id='line_1_17' title="bbox 364 2289 1598 2378; baseline 0.006 -22"><span class='ocrx_word' id='word_1_95' title='bbox 364 2289 535 2376; x_wconf 85' lang='lat' dir='ltr'>pontificis</span> <span class='ocrx_word' id='word_1_96' title='bbox 551 2290 675 2356; x_wconf 90' lang='lat' dir='ltr'>summi</span> <span class='ocrx_word' id='word_1_97' title='bbox 690 2301 725 2357; x_wconf 91' lang='lat' dir='ltr'>et</span> <span class='ocrx_word' id='word_1_98' title='bbox 737 2294 887 2376; x_wconf 89' lang='lat' dir='ltr'>quinque</span> <span class='ocrx_word' id='word_1_99' title='bbox 907 2291 1129 2360; x_wconf 85' lang='lat' dir='ltr'>cardinalium</span> <span class='ocrx_word' id='word_1_100' title='bbox 1152 2295 1374 2378; x_wconf 86' lang='lat' dir='ltr'>protectione,</span> <span class='ocrx_word' id='word_1_101' title='bbox 1396 2315 1435 2364; x_wconf 86' lang='lat' dir='ltr'>ac</span> <span class='ocrx_word' id='word_1_102' title='bbox 1460 2308 1598 2364; x_wconf 89' lang='lat' dir='ltr'>nostrae</span> 
     </span>
     <span class='ocr_line' id='line_1_18' title="bbox 363 2404 1599 2494; baseline 0.002 -18"><span class='ocrx_word' id='word_1_103' title='bbox 363 2404 546 2476; x_wconf 86' lang='lat' dir='ltr'>Societatis</span> <span class='ocrx_word' id='word_1_104' title='bbox 566 2427 650 2472; x_wconf 88' lang='lat' dir='ltr'>cura</span> <span class='ocrx_word' id='word_1_105' title='bbox 670 2405 720 2472; x_wconf 89' lang='lat' dir='ltr'>sic</span> <span class='ocrx_word' id='word_1_106' title='bbox 742 2406 778 2472; x_wconf 92' lang='lat' dir='ltr'>in</span> <span class='ocrx_word' id='word_1_107' title='bbox 799 2407 946 2494; x_wconf 85' lang='lat' dir='ltr'>collegio</span> <span class='ocrx_word' id='word_1_108' title='bbox 962 2408 1091 2491; x_wconf 85' lang='lat' dir='ltr'>vivant,</span> <span class='ocrx_word' id='word_1_109' title='bbox 1111 2421 1149 2475; x_wconf 89' lang='lat' dir='ltr'>ut</span> <span class='ocrx_word' id='word_1_110' title='bbox 1165 2409 1249 2476; x_wconf 85' lang='lat' dir='ltr'>nibil</span> <span class='ocrx_word' id='word_1_111' title='bbox 1265 2409 1314 2476; x_wconf 84' lang='lat' dir='ltr'>eis</span> <span class='ocrx_word' id='word_1_112' title='bbox 1330 2411 1419 2478; x_wconf 86' lang='lat' dir='ltr'>desit</span> <span class='ocrx_word' id='word_1_113' title='bbox 1434 2411 1599 2480; x_wconf 77' lang='lat' dir='ltr'>derebus</span> 
     </span>
     <span class='ocr_line' id='line_1_19' title="bbox 365 2499 1598 2614; baseline 0.008 -28"><span class='ocrx_word' id='word_1_114' title='bbox 365 2520 566 2588; x_wconf 86' lang='lat' dir='ltr'>necessariis</span> <span class='ocrx_word' id='word_1_115' title='bbox 588 2523 632 2588; x_wconf 88' lang='lat' dir='ltr'>ad</span> <span class='ocrx_word' id='word_1_116' title='bbox 651 2520 910 2599; x_wconf 81' lang='lat' dir='ltr'>habitationem,</span> <span class='ocrx_word' id='word_1_117' title='bbox 934 2499 1075 2604; x_wconf 81' lang='lat' dir='ltr'>victum,</span> <span class='ocrx_word' id='word_1_118' title='bbox 1099 2525 1273 2603; x_wconf 82' lang='lat' dir='ltr'>vestitum,</span> <span class='ocrx_word' id='word_1_119' title='bbox 1292 2525 1456 2592; x_wconf 89' lang='lat' dir='ltr'>librorum</span> <span class='ocrx_word' id='word_1_120' title='bbox 1480 2528 1598 2614; x_wconf 89' lang='lat' dir='ltr'>supel-</span> 
     </span>
     <span class='ocr_line' id='line_1_20' title="bbox 366 2636 1598 2724; baseline 0.006 -24"><span class='ocrx_word' id='word_1_121' title='bbox 366 2636 528 2718; x_wconf 86' lang='lat' dir='ltr'>lectilem,</span> <span class='ocrx_word' id='word_1_122' title='bbox 545 2657 586 2702; x_wconf 92' lang='lat' dir='ltr'>ac</span> <span class='ocrx_word' id='word_1_123' title='bbox 606 2637 672 2702; x_wconf 89' lang='lat' dir='ltr'>alia</span> <span class='ocrx_word' id='word_1_124' title='bbox 691 2638 829 2704; x_wconf 89' lang='lat' dir='ltr'>demum</span> <span class='ocrx_word' id='word_1_125' title='bbox 844 2638 972 2718; x_wconf 87' lang='lat' dir='ltr'>omnia,</span> <span class='ocrx_word' id='word_1_126' title='bbox 991 2659 1078 2724; x_wconf 87' lang='lat' dir='ltr'>quae</span> <span class='ocrx_word' id='word_1_127' title='bbox 1098 2641 1384 2708; x_wconf 85' lang='lat' dir='ltr'>scholasticorum</span> <span class='ocrx_word' id='word_1_128' title='bbox 1405 2641 1598 2720; x_wconf 85' lang='lat' dir='ltr'>comodita-</span> 
     </span>
     <span class='ocr_line' id='line_1_21' title="bbox 365 2751 1597 2840; baseline 0.005 -24"><span class='ocrx_word' id='word_1_129' title='bbox 365 2751 457 2817; x_wconf 91' lang='lat' dir='ltr'>tibus</span> <span class='ocrx_word' id='word_1_130' title='bbox 479 2752 556 2821; x_wconf 88' lang='lat' dir='ltr'>usui</span> <span class='ocrx_word' id='word_1_131' title='bbox 577 2775 652 2820; x_wconf 87' lang='lat' dir='ltr'>esse</span> <span class='ocrx_word' id='word_1_132' title='bbox 673 2753 784 2820; x_wconf 90' lang='lat' dir='ltr'>solent</span> <span class='ocrx_word' id='word_1_133' title='bbox 805 2754 831 2834; x_wconf 75' lang='grc' dir='ltr'>’ς</span> <span class='ocrx_word' id='word_1_134' title='bbox 849 2765 884 2819; x_wconf 88' lang='lat' dir='ltr'>et</span> <span class='ocrx_word' id='word_1_135' title='bbox 903 2753 960 2820; x_wconf 90' lang='lat' dir='ltr'>ubi</span> <span class='ocrx_word' id='word_1_136' title='bbox 978 2776 1049 2830; x_wconf 82' lang='lat' dir='ltr'>non</span> <span class='ocrx_word' id='word_1_137' title='bbox 1072 2755 1314 2840; x_wconf 88' lang='lat' dir='ltr'>poenitendum</span> <span class='ocrx_word' id='word_1_138' title='bbox 1336 2757 1370 2824; x_wconf 94' lang='lat' dir='ltr'>in</span> <span class='ocrx_word' id='word_1_139' title='bbox 1393 2757 1516 2824; x_wconf 89' lang='lat' dir='ltr'>litteris</span> <span class='ocrx_word' id='word_1_140' title='bbox 1531 2755 1597 2824; x_wconf 73' lang='lat' dir='ltr'>etb</span> 
     </span>
     <span class='ocr_line' id='line_1_22' title="bbox 364 2866 1596 2955; baseline 0.007 -26"><span class='ocrx_word' id='word_1_141' title='bbox 364 2866 550 2935; x_wconf 89' lang='lat' dir='ltr'>virtutibus</span> <span class='ocrx_word' id='word_1_142' title='bbox 575 2889 794 2955; x_wconf 84' lang='lat' dir='ltr'>progressum</span> <span class='ocrx_word' id='word_1_143' title='bbox 816 2868 976 2950; x_wconf 82' lang='lat' dir='ltr'>iecerint,</span> <span class='ocrx_word' id='word_1_144' title='bbox 1000 2891 1077 2936; x_wconf 88' lang='lat' dir='ltr'>cum</span> <span class='ocrx_word' id='word_1_145' title='bbox 1099 2869 1274 2946; x_wconf 86' lang='lat' dir='ltr'>beneficiis</span> <span class='ocrx_word' id='word_1_146' title='bbox 1294 2871 1537 2940; x_wconf 85' lang='lat' dir='ltr'>ecelesiasticis</span> <span class='ocrx_word' id='word_1_147' title='bbox 1560 2872 1596 2938; x_wconf 91' lang='lat' dir='ltr'>in</span> 
     </span>
     <span class='ocr_line' id='line_1_23' title="bbox 362 2967 1595 3072; baseline 0.004 -23"><span class='ocrx_word' id='word_1_148' title='bbox 362 2983 583 3050; x_wconf 80' lang='lat' dir='ltr'>Germaniam</span> <span class='ocrx_word' id='word_1_149' title='bbox 605 2981 835 3065; x_wconf 83' lang='lat' dir='ltr'>remittantur;</span> <span class='ocrx_word' id='word_1_150' title='bbox 858 2984 927 3052; x_wconf 92' lang='lat' dir='ltr'>imo</span> <span class='ocrx_word' id='word_1_151' title='bbox 949 2985 1063 3070; x_wconf 78' lang='lat' dir='ltr'>etqui</span> <span class='ocrx_word' id='word_1_152' title='bbox 1084 2967 1365 3072; x_wconf 80' lang='lat' dir='ltr'>praeclarioribus</span> <span class='ocrx_word' id='word_1_153' title='bbox 1386 2987 1595 3056; x_wconf 88' lang='lat' dir='ltr'>ornamentis</span> 
     </span>
    </p>
   </div>
   <div class='ocr_carea' id='block_1_10' title="bbox 418 3161 1330 3235">
    <p class='ocr_par' dir='ltr' id='par_1_10' title="bbox 418 3161 1330 3235">
     <span class='ocr_line' id='line_1_24' title="bbox 418 3161 1330 3235; baseline 0.004 -19"><span class='ocrx_word' id='word_1_154' title='bbox 418 3177 432 3203; x_wconf 79' lang='lat'><em>²</em></span> <span class='ocrx_word' id='word_1_155' title='bbox 468 3161 643 3216; x_wconf 88' lang='lat' dir='ltr'>instituendi</span> <span class='ocrx_word' id='word_1_156' title='bbox 657 3162 783 3234; x_wconf 78' lang='lat' dir='ltr'>exerupl.</span> <span class='ocrx_word' id='word_1_157' title='bbox 797 3161 909 3220; x_wconf 75' lang='lat' dir='ltr'>Kassel.</span> <span class='ocrx_word' id='word_1_158' title='bbox 951 3163 1000 3206; x_wconf 85' lang='lat' dir='ltr'>—b</span> <span class='ocrx_word' id='word_1_159' title='bbox 1020 3162 1141 3235; x_wconf 79' lang='lat' dir='ltr'>selegit</span> <span class='ocrx_word' id='word_1_160' title='bbox 1155 3163 1330 3220; x_wconf 80' lang='lat' dir='ltr'>Scbroeder.</span> 
     </span>
    </p>
   </div>
   <div class='ocr_carea' id='block_1_11' title="bbox 367 3265 565 3277">
    <p class='ocr_par' dir='ltr' id='par_1_11' title="bbox 367 3265 565 3277">
     <span class='ocr_line' id='line_1_25' title="bbox 367 3265 565 3277; baseline 0.015 -3"><span class='ocrx_word' id='word_1_161' title='bbox 367 3265 565 3277; x_wconf 54' lang='grc'>*-</span> 
     </span>
    </p>
   </div>
   <div class='ocr_carea' id='block_1_12' title="bbox 362 3313 1598 3658">
    <p class='ocr_par' dir='ltr' id='par_1_12' title="bbox 362 3313 1598 3658">
     <span class='ocr_line' id='line_1_26' title="bbox 419 3313 1596 3390; baseline 0.003 -22"><span class='ocrx_word' id='word_1_162' title='bbox 419 3313 427 3344; x_wconf 89' lang='lat'>¹</span> <span class='ocrx_word' id='word_1_163' title='bbox 465 3313 510 3368; x_wconf 84' lang='lat' dir='ltr'>Ex</span> <span class='ocrx_word' id='word_1_164' title='bbox 523 3316 699 3385; x_wconf 81' lang='lat' dir='ltr'>apographo,</span> <span class='ocrx_word' id='word_1_165' title='bbox 715 3313 793 3386; x_wconf 90' lang='lat' dir='ltr'>quod</span> <span class='ocrx_word' id='word_1_166' title='bbox 805 3314 936 3387; x_wconf 89' lang='lat' dir='ltr'>quidem,</span> <span class='ocrx_word' id='word_1_167' title='bbox 950 3314 1169 3370; x_wconf 83' lang='lat' dir='ltr'>accuratissime</span> <span class='ocrx_word' id='word_1_168' title='bbox 1183 3333 1220 3370; x_wconf 86' lang='lat' dir='ltr'>ex</span> <span class='ocrx_word' id='word_1_169' title='bbox 1233 3317 1393 3390; x_wconf 85' lang='lat' dir='ltr'>archetypo</span> <span class='ocrx_word' id='word_1_170' title='bbox 1404 3317 1596 3390; x_wconf 86' lang='lat' dir='ltr'>descriptum,</span> 
     </span>
     <span class='ocr_line' id='line_1_27' title="bbox 364 3390 1596 3478; baseline 0.004 -23"><span class='ocrx_word' id='word_1_171' title='bbox 364 3401 450 3456; x_wconf 91' lang='lat' dir='ltr'>nobis</span> <span class='ocrx_word' id='word_1_172' title='bbox 464 3412 599 3458; x_wconf 83' lang='lat' dir='ltr'>recenter</span> <span class='ocrx_word' id='word_1_173' title='bbox 611 3401 668 3458; x_wconf 87' lang='lat' dir='ltr'>fuit</span> <span class='ocrx_word' id='word_1_174' title='bbox 687 3402 818 3460; x_wconf 91' lang='lat' dir='ltr'>missum.</span> <span class='ocrx_word' id='word_1_175' title='bbox 832 3403 866 3458; x_wconf 90' lang='lat' dir='ltr'>P.</span> <span class='ocrx_word' id='word_1_176' title='bbox 881 3403 1048 3459; x_wconf 88' lang='lat' dir='ltr'>Fridericus</span> <span class='ocrx_word' id='word_1_177' title='bbox 1065 3390 1230 3460; x_wconf 79' lang='lat' dir='ltr'>Schroeder</span> <span class='ocrx_word' id='word_1_178' title='bbox 1242 3405 1275 3465; x_wconf 87' lang='lat' dir='ltr'>S.</span> <span class='ocrx_word' id='word_1_179' title='bbox 1289 3407 1318 3476; x_wconf 88' lang='lat' dir='ltr'>J.</span> <span class='ocrx_word' id='word_1_180' title='bbox 1334 3405 1365 3461; x_wconf 92' lang='lat' dir='ltr'>in</span> <span class='ocrx_word' id='word_1_181' title='bbox 1382 3423 1471 3478; x_wconf 88' lang='lat' dir='ltr'>opere</span> <span class='ocrx_word' id='word_1_182' title='bbox 1491 3407 1596 3462; x_wconf 75' lang='lat' dir='ltr'>Monta·</span> 
     </span>
     <span class='ocr_line' id='line_1_28' title="bbox 364 3493 1598 3568; baseline 0.004 -23"><span class='ocrx_word' id='word_1_183' title='bbox 364 3496 466 3546; x_wconf 73' lang='lat' dir='ltr'>metatu</span> <span class='ocrx_word' id='word_1_184' title='bbox 484 3509 560 3562; x_wconf 83' lang='lat' dir='ltr'>quae</span> <span class='ocrx_word' id='word_1_185' title='bbox 575 3498 710 3563; x_wconf 77' lang='lat' dir='ltr'>spectant</span> <span class='ocrx_word' id='word_1_186' title='bbox 724 3495 901 3563; x_wconf 72' lang='lat' dir='ltr'>primordia</span> <span class='ocrx_word' id='word_1_187' title='bbox 914 3493 1035 3566; x_wconf 78' lang='lat' dir='ltr'>collegii</span> <span class='ocrx_word' id='word_1_188' title='bbox 1049 3494 1222 3566; x_wconf 78' lang='lat' dir='ltr'>gemnanici</span> <span class='ocrx_word' id='word_1_189' title='bbox 1235 3499 1263 3550; x_wconf 81' lang='lat' dir='ltr'>et</span> <span class='ocrx_word' id='word_1_190' title='bbox 1275 3495 1442 3568; x_wconf 71' lang='lat' dir='ltr'>brengarici</span> <span class='ocrx_word' id='word_1_191' title='bbox 1454 3495 1527 3551; x_wconf 88' lang='lat' dir='ltr'>illud</span> <span class='ocrx_word' id='word_1_192' title='bbox 1539 3495 1598 3551; x_wconf 90' lang='lat' dir='ltr'>edi·</span> 
     </span>
     <span class='ocr_line' id='line_1_29' title="bbox 362 3580 1597 3658; baseline 0.004 -23"><span class='ocrx_word' id='word_1_193' title='bbox 362 3580 418 3651; x_wconf 86' lang='lat' dir='ltr'>dit,</span> <span class='ocrx_word' id='word_1_194' title='bbox 432 3581 568 3652; x_wconf 86' lang='lat' dir='ltr'>sequenti</span> <span class='ocrx_word' id='word_1_195' title='bbox 581 3581 770 3638; x_wconf 83' lang='lat' dir='ltr'>annotatione</span> <span class='ocrx_word' id='word_1_196' title='bbox 783 3582 952 3654; x_wconf 88' lang='lat' dir='ltr'>praemissa:</span> <span class='ocrx_word' id='word_1_197' title='bbox 968 3583 1117 3654; x_wconf 73' lang='lat' dir='ltr'>«Epistola</span> <span class='ocrx_word' id='word_1_198' title='bbox 1127 3583 1308 3656; x_wconf 75' lang='lat' dir='ltr'>autographa</span> <span class='ocrx_word' id='word_1_199' title='bbox 1318 3583 1423 3640; x_wconf 82' lang='lat' dir='ltr'>Latine</span> <span class='ocrx_word' id='word_1_200' title='bbox 1433 3585 1544 3658; x_wconf 86' lang='lat' dir='ltr'>scripta</span> <span class='ocrx_word' id='word_1_201' title='bbox 1552 3593 1597 3640; x_wconf 85' lang='lat' dir='ltr'>est</span> 
     </span>
    </p>
   </div>
   <div class='ocr_carea' id='block_1_13' title="bbox 228 3670 1599 3746">
    <p class='ocr_par' dir='ltr' id='par_1_13' title="bbox 228 3670 1599 3746">
     <span class='ocr_line' id='line_1_30' title="bbox 228 3670 1599 3746; baseline 0.005 -25"><span class='ocrx_word' id='word_1_202' title='bbox 228 3712 234 3721; x_wconf 93' lang='lat'>.</span> <span class='ocrx_word' id='word_1_203' title='bbox 283 3733 286 3738; x_wconf 84' lang='lat'>.</span> <span class='ocrx_word' id='word_1_204' title='bbox 363 3670 427 3728; x_wconf 85' lang='lat' dir='ltr'>aP.</span> <span class='ocrx_word' id='word_1_205' title='bbox 449 3670 557 3724; x_wconf 86' lang='lat' dir='ltr'>Ioanne</span> <span class='ocrx_word' id='word_1_206' title='bbox 574 3670 612 3725; x_wconf 86' lang='lat' dir='ltr'>de</span> <span class='ocrx_word' id='word_1_207' title='bbox 630 3671 771 3742; x_wconf 77' lang='lat' dir='ltr'>Polemo,</span> <span class='ocrx_word' id='word_1_208' title='bbox 791 3672 953 3727; x_wconf 88' lang='lat' dir='ltr'>nomines.</span> <span class='ocrx_word' id='word_1_209' title='bbox 973 3671 1115 3743; x_wconf 83' lang='lat' dir='ltr'>Ignatii...</span> <span class='ocrx_word' id='word_1_210' title='bbox 1133 3673 1164 3729; x_wconf 88' lang='lat' dir='ltr'>S.</span> <span class='ocrx_word' id='word_1_211' title='bbox 1183 3673 1315 3744; x_wconf 80' lang='lat' dir='ltr'>Ignatius</span> <span class='ocrx_word' id='word_1_212' title='bbox 1333 3673 1397 3746; x_wconf 90' lang='lat' dir='ltr'>ipse</span> <span class='ocrx_word' id='word_1_213' title='bbox 1416 3675 1447 3728; x_wconf 92' lang='lat' dir='ltr'>in</span> <span class='ocrx_word' id='word_1_214' title='bbox 1466 3682 1599 3730; x_wconf 86' lang='lat' dir='ltr'>extrema</span> 
     </span>
    </p>
   </div>
   <div class='ocr_carea' id='block_1_14' title="bbox 360 3758 1601 4813">
    <p class='ocr_par' dir='ltr' id='par_1_14' title="bbox 360 3758 1601 4813">
     <span class='ocr_line' id='line_1_31' title="bbox 360 3758 1597 3834; baseline 0.004 -22"><span class='ocrx_word' id='word_1_215' title='bbox 360 3758 487 3830; x_wconf 85' lang='lat' dir='ltr'>epistola</span> <span class='ocrx_word' id='word_1_216' title='bbox 500 3766 614 3814; x_wconf 89' lang='lat' dir='ltr'>tantum</span> <span class='ocrx_word' id='word_1_217' title='bbox 628 3759 745 3830; x_wconf 84' lang='lat' dir='ltr'>scripsit</span> <span class='ocrx_word' id='word_1_218' title='bbox 760 3761 897 3816; x_wconf 86' lang='lat' dir='ltr'>‘Vnestro</span> <span class='ocrx_word' id='word_1_219' title='bbox 910 3777 947 3816; x_wconf 89' lang='lat' dir='ltr'>en</span> <span class='ocrx_word' id='word_1_220' title='bbox 961 3759 989 3816; x_wconf 89' lang='lat' dir='ltr'>el</span> <span class='ocrx_word' id='word_1_221' title='bbox 1003 3765 1090 3816; x_wconf 79' lang='lat' dir='ltr'>senor</span> <span class='ocrx_word' id='word_1_222' title='bbox 1103 3762 1215 3832; x_wconf 81' lang='lat' dir='ltr'>Ignatio</span> <span class='ocrx_word' id='word_1_223' title='bbox 1228 3761 1274 3817; x_wconf 87' lang='lat' dir='ltr'>L.&#39;</span> <span class='ocrx_word' id='word_1_224' title='bbox 1291 3762 1361 3817; x_wconf 87' lang='lat' dir='ltr'>Erat</span> <span class='ocrx_word' id='word_1_225' title='bbox 1373 3764 1446 3818; x_wconf 89' lang='lat' dir='ltr'>haec</span> <span class='ocrx_word' id='word_1_226' title='bbox 1459 3764 1597 3834; x_wconf 87' lang='lat' dir='ltr'>epistola,</span> 
     </span>
     <span class='ocr_line' id='line_1_32' title="bbox 362 3847 1599 3924; baseline 0.005 -22"><span class='ocrx_word' id='word_1_227' title='bbox 362 3863 421 3919; x_wconf 90' lang='lat' dir='ltr'>quo</span> <span class='ocrx_word' id='word_1_228' title='bbox 434 3855 566 3919; x_wconf 88' lang='lat' dir='ltr'>tempore</span> <span class='ocrx_word' id='word_1_229' title='bbox 579 3847 705 3902; x_wconf 89' lang='lat' dir='ltr'>societas</span> <span class='ocrx_word' id='word_1_230' title='bbox 718 3849 786 3904; x_wconf 87' lang='lat' dir='ltr'>Iesu</span> <span class='ocrx_word' id='word_1_231' title='bbox 798 3865 956 3922; x_wconf 87' lang='lat' dir='ltr'>suppressa</span> <span class='ocrx_word' id='word_1_232' title='bbox 969 3859 1024 3918; x_wconf 85' lang='lat' dir='ltr'>est,</span> <span class='ocrx_word' id='word_1_233' title='bbox 1041 3851 1117 3905; x_wconf 90' lang='lat' dir='ltr'>inter</span> <span class='ocrx_word' id='word_1_234' title='bbox 1130 3849 1239 3922; x_wconf 89' lang='lat' dir='ltr'>scripta</span> <span class='ocrx_word' id='word_1_235' title='bbox 1258 3851 1291 3905; x_wconf 88' lang='lat' dir='ltr'>P.</span> <span class='ocrx_word' id='word_1_236' title='bbox 1311 3851 1421 3923; x_wconf 69' lang='lat' dir='ltr'>ignatii</span> <span class='ocrx_word' id='word_1_237' title='bbox 1438 3853 1599 3924; x_wconf 77' lang='lat' dir='ltr'>Romberg,</span> 
     </span>
     <span class='ocr_line' id='line_1_33' title="bbox 362 3936 1599 4010; baseline 0.003 -18"><span class='ocrx_word' id='word_1_238' title='bbox 362 3936 532 3992; x_wconf 83' lang='lat' dir='ltr'>assistentis</span> <span class='ocrx_word' id='word_1_239' title='bbox 548 3945 610 3994; x_wconf 92' lang='lat' dir='ltr'>tum</span> <span class='ocrx_word' id='word_1_240' title='bbox 628 3937 769 4009; x_wconf 87' lang='lat' dir='ltr'>temporis</span> <span class='ocrx_word' id='word_1_241' title='bbox 786 3938 974 3994; x_wconf 84' lang='lat' dir='ltr'>assistentiae</span> <span class='ocrx_word' id='word_1_242' title='bbox 992 3937 1169 3996; x_wconf 82' lang='lat' dir='ltr'>Germaniae</span> <span class='ocrx_word' id='word_1_243' title='bbox 1188 3957 1213 3994; x_wconf 85' lang='lat' dir='ltr'>s.</span> <span class='ocrx_word' id='word_1_244' title='bbox 1232 3941 1261 4010; x_wconf 83' lang='lat' dir='ltr'>J.</span> <span class='ocrx_word' id='word_1_245' title='bbox 1276 3941 1337 3996; x_wconf 87' lang='lat' dir='ltr'>Iam</span> <span class='ocrx_word' id='word_1_246' title='bbox 1350 3941 1500 3998; x_wconf 86' lang='lat' dir='ltr'>invenitur</span> <span class='ocrx_word' id='word_1_247' title='bbox 1513 3942 1544 3997; x_wconf 91' lang='lat' dir='ltr'>in</span> <span class='ocrx_word' id='word_1_248' title='bbox 1557 3941 1599 3996; x_wconf 90' lang='lat' dir='ltr'>bi·</span> 
     </span>
     <span class='ocr_line' id='line_1_34' title="bbox 365 4025 1597 4104; baseline 0.006 -24"><span class='ocrx_word' id='word_1_249' title='bbox 365 4025 511 4081; x_wconf 88' lang='lat' dir='ltr'>bliotheca</span> <span class='ocrx_word' id='word_1_250' title='bbox 533 4025 626 4104; x_wconf 62' lang='lat' dir='ltr'>regia,</span> <span class='ocrx_word' id='word_1_251' title='bbox 637 4027 854 4086; x_wconf 87' lang='lat' dir='ltr'>Berolinensi...</span> <span class='ocrx_word' id='word_1_252' title='bbox 878 4028 991 4083; x_wconf 85' lang='lat' dir='ltr'>Damus</span> <span class='ocrx_word' id='word_1_253' title='bbox 1013 4029 1168 4099; x_wconf 88' lang='lat' dir='ltr'>epistolam</span> <span class='ocrx_word' id='word_1_254' title='bbox 1195 4029 1357 4086; x_wconf 84' lang='lat' dir='ltr'>secundum</span> <span class='ocrx_word' id='word_1_255' title='bbox 1383 4033 1597 4103; x_wconf 80' lang='lat' dir='ltr'>autographum</span> 
     </span>
     <span class='ocr_line' id='line_1_35' title="bbox 364 4115 1600 4191; baseline 0.006 -23"><span class='ocrx_word' id='word_1_256' title='bbox 364 4115 610 4172; x_wconf 86' lang='lat' dir='ltr'>Berolinense...n</span> <span class='ocrx_word' id='word_1_257' title='bbox 629 4117 840 4188; x_wconf 83' lang='lat' dir='ltr'>Archetypum,</span> <span class='ocrx_word' id='word_1_258' title='bbox 862 4127 894 4170; x_wconf 92' lang='lat' dir='ltr'>ut</span> <span class='ocrx_word' id='word_1_259' title='bbox 912 4117 998 4172; x_wconf 87' lang='lat' dir='ltr'>nobis</span> <span class='ocrx_word' id='word_1_260' title='bbox 1011 4118 1151 4189; x_wconf 89' lang='lat' dir='ltr'>scripturn</span> <span class='ocrx_word' id='word_1_261' title='bbox 1165 4127 1221 4189; x_wconf 82' lang='lat' dir='ltr'>est,</span> <span class='ocrx_word' id='word_1_262' title='bbox 1237 4118 1427 4191; x_wconf 80' lang='lat' dir='ltr'>inscriptione</span> <span class='ocrx_word' id='word_1_263' title='bbox 1440 4129 1531 4188; x_wconf 81' lang='lat' dir='ltr'>caret3</span> <span class='ocrx_word' id='word_1_264' title='bbox 1547 4121 1600 4190; x_wconf 76' lang='lat' dir='ltr'>igi·</span> 
     </span>
     <span class='ocr_line' id='line_1_36' title="bbox 367 4196 1599 4278; baseline 0.006 -20"><span class='ocrx_word' id='word_1_265' title='bbox 367 4213 414 4258; x_wconf 86' lang='lat' dir='ltr'>tur</span> <span class='ocrx_word' id='word_1_266' title='bbox 426 4204 575 4259; x_wconf 88' lang='lat' dir='ltr'>nescimus</span> <span class='ocrx_word' id='word_1_267' title='bbox 590 4205 735 4260; x_wconf 88' lang='lat' dir='ltr'>undenam</span> <span class='ocrx_word' id='word_1_268' title='bbox 753 4205 833 4260; x_wconf 89' lang='lat' dir='ltr'>illam</span> <span class='ocrx_word' id='word_1_269' title='bbox 850 4196 1099 4278; x_wconf 66' lang='lat' dir='ltr'>desumpserit&#39;P.</span> <span class='ocrx_word' id='word_1_270' title='bbox 1114 4205 1287 4262; x_wconf 83' lang='lat' dir='ltr'>Schroeder:</span> <span class='ocrx_word' id='word_1_271' title='bbox 1302 4207 1427 4264; x_wconf 75' lang='lat' dir='ltr'>fortasse</span> <span class='ocrx_word' id='word_1_272' title='bbox 1445 4227 1483 4264; x_wconf 80' lang='lat' dir='ltr'>ex</span> <span class='ocrx_word' id='word_1_273' title='bbox 1501 4226 1599 4264; x_wconf 83' lang='lat' dir='ltr'>exem·</span> 
     </span>
     <span class='ocr_line' id='line_1_37' title="bbox 366 4292 1600 4371; baseline 0.005 -23"><span class='ocrx_word' id='word_1_274' title='bbox 366 4292 438 4364; x_wconf 84' lang='lat' dir='ltr'>plari</span> <span class='ocrx_word' id='word_1_275' title='bbox 451 4311 468 4347; x_wconf 89' lang='lat' dir='ltr'>a</span> <span class='ocrx_word' id='word_1_276' title='bbox 481 4293 514 4348; x_wconf 90' lang='lat' dir='ltr'>P.</span> <span class='ocrx_word' id='word_1_277' title='bbox 529 4295 687 4349; x_wconf 85' lang='lat' dir='ltr'>Menchaca</span> <span class='ocrx_word' id='word_1_278' title='bbox 700 4293 789 4365; x_wconf 83' lang='lat' dir='ltr'>edito,</span> <span class='ocrx_word' id='word_1_279' title='bbox 802 4311 869 4349; x_wconf 88' lang='lat' dir='ltr'>nam</span> <span class='ocrx_word' id='word_1_280' title='bbox 882 4294 925 4350; x_wconf 92' lang='lat' dir='ltr'>illi</span> <span class='ocrx_word' id='word_1_281' title='bbox 939 4297 1075 4351; x_wconf 77' lang='lat' dir='ltr'>accurare</span> <span class='ocrx_word' id='word_1_282' title='bbox 1087 4295 1257 4367; x_wconf 87' lang='lat' dir='ltr'>respondet.</span> <span class='ocrx_word' id='word_1_283' title='bbox 1273 4297 1422 4368; x_wconf 86' lang='lat' dir='ltr'>Epistolae</span> <span class='ocrx_word' id='word_1_284' title='bbox 1436 4297 1600 4371; x_wconf 87' lang='lat' dir='ltr'>inscriptio-</span> 
     </span>
     <span class='ocr_line' id='line_1_38' title="bbox 366 4381 1599 4460; baseline 0.006 -24"><span class='ocrx_word' id='word_1_285' title='bbox 366 4399 433 4436; x_wconf 88' lang='lat' dir='ltr'>nem</span> <span class='ocrx_word' id='word_1_286' title='bbox 443 4381 513 4437; x_wconf 91' lang='lat' dir='ltr'>vide</span> <span class='ocrx_word' id='word_1_287' title='bbox 527 4382 612 4453; x_wconf 82' lang='lat' dir='ltr'>inira,</span> <span class='ocrx_word' id='word_1_288' title='bbox 622 4383 811 4438; x_wconf 87' lang='lat' dir='ltr'>annotatione</span> <span class='ocrx_word' id='word_1_289' title='bbox 824 4400 889 4439; x_wconf 78' lang='lat' dir='ltr'>«en</span> <span class='ocrx_word' id='word_1_290' title='bbox 903 4386 980 4450; x_wconf 84' lang='lat' dir='ltr'>Alia,</span> <span class='ocrx_word' id='word_1_291' title='bbox 992 4401 1067 4457; x_wconf 85' lang='lat' dir='ltr'>quae</span> <span class='ocrx_word' id='word_1_292' title='bbox 1080 4384 1116 4438; x_wconf 91' lang='lat' dir='ltr'>ad</span> <span class='ocrx_word' id='word_1_293' title='bbox 1130 4387 1204 4442; x_wconf 86' lang='lat' dir='ltr'>hanc</span> <span class='ocrx_word' id='word_1_294' title='bbox 1217 4385 1371 4458; x_wconf 87' lang='lat' dir='ltr'>epistolam</span> <span class='ocrx_word' id='word_1_295' title='bbox 1385 4387 1599 4460; x_wconf 85' lang='lat' dir='ltr'>quodammodo</span> 
     </span>
     <span class='ocr_line' id='line_1_39' title="bbox 366 4466 1600 4546; baseline 0.008 -23"><span class='ocrx_word' id='word_1_296' title='bbox 366 4466 543 4541; x_wconf 83' lang='lat' dir='ltr'>referuntur,</span> <span class='ocrx_word' id='word_1_297' title='bbox 557 4472 586 4526; x_wconf 92' lang='lat' dir='ltr'>in</span> <span class='ocrx_word' id='word_1_298' title='bbox 601 4471 790 4527; x_wconf 88' lang='lat' dir='ltr'>annotatione</span> <span class='ocrx_word' id='word_1_299' title='bbox 806 4485 817 4526; x_wconf 94' lang='lat'><em>1</em></span> <span class='ocrx_word' id='word_1_300' title='bbox 833 4472 985 4544; x_wconf 86' lang='lat' dir='ltr'>sequentis</span> <span class='ocrx_word' id='word_1_301' title='bbox 999 4473 1142 4544; x_wconf 87' lang='lat' dir='ltr'>epistolae</span> <span class='ocrx_word' id='word_1_302' title='bbox 1157 4473 1251 4530; x_wconf 88' lang='lat' dir='ltr'>videri</span> <span class='ocrx_word' id='word_1_303' title='bbox 1265 4485 1398 4546; x_wconf 85' lang='lat' dir='ltr'>possunt.</span> <span class='ocrx_word' id='word_1_304' title='bbox 1408 4477 1600 4532; x_wconf 58' lang='lat' dir='ltr'>*Maricas-</span> 
     </span>
     <span class='ocr_line' id='line_1_40' title="bbox 365 4559 1601 4636; baseline 0.006 -23"><span class='ocrx_word' id='word_1_305' title='bbox 365 4571 421 4630; x_wconf 71' lang='lat' dir='ltr'>cA,</span> <span class='ocrx_word' id='word_1_306' title='bbox 433 4559 485 4617; x_wconf 87' lang='lat' dir='ltr'>lib.</span> <span class='ocrx_word' id='word_1_307' title='bbox 501 4561 554 4627; x_wconf 88' lang='lat'>111,</span> <span class='ocrx_word' id='word_1_308' title='bbox 569 4577 597 4616; x_wconf 91' lang='lat' dir='ltr'>n.</span> <span class='ocrx_word' id='word_1_309' title='bbox 611 4561 691 4628; x_wconf 82' lang='lat' dir='ltr'>XlX;</span> <span class='ocrx_word' id='word_1_310' title='bbox 705 4561 817 4628; x_wconf 78' lang='lat' dir='ltr'>Boura,</span> <span class='ocrx_word' id='word_1_311' title='bbox 833 4579 863 4617; x_wconf 92' lang='lat' dir='ltr'>n.</span> <span class='ocrx_word' id='word_1_312' title='bbox 877 4559 940 4633; x_wconf 73' lang='lat' dir='ltr'>CV3</span> <span class='ocrx_word' id='word_1_313' title='bbox 956 4561 1162 4634; x_wconf 82' lang='lat' dir='ltr'>Scaaoaoaa,</span> <span class='ocrx_word' id='word_1_314' title='bbox 1176 4579 1224 4635; x_wconf 89' lang='lat' dir='ltr'>op.</span> <span class='ocrx_word' id='word_1_315' title='bbox 1238 4565 1303 4634; x_wconf 81' lang='lat' dir='ltr'>cit,</span> <span class='ocrx_word' id='word_1_316' title='bbox 1317 4582 1399 4636; x_wconf 69' lang='lat' dir='ltr'>paga.</span> <span class='ocrx_word' id='word_1_317' title='bbox 1414 4563 1508 4634; x_wconf 85' lang='lat'>21·23;</span> <span class='ocrx_word' id='word_1_318' title='bbox 1524 4564 1601 4622; x_wconf 73' lang='lat' dir='ltr'>etar-</span> 
     </span>
     <span class='ocr_line' id='line_1_41' title="bbox 367 4649 670 4718; baseline 0.003 -16"><span class='ocrx_word' id='word_1_319' title='bbox 367 4655 427 4718; x_wconf 86' lang='lat' dir='ltr'>tos,</span> <span class='ocrx_word' id='word_1_320' title='bbox 441 4667 470 4704; x_wconf 89' lang='lat' dir='ltr'>n.</span> <span class='ocrx_word' id='word_1_321' title='bbox 485 4649 670 4705; x_wconf 84' lang='lat' dir='ltr'>CCLXXVI.</span> 
     </span>
     <span class='ocr_line' id='line_1_42' title="bbox 420 4739 1278 4813; baseline 0.007 -19"><span class='ocrx_word' id='word_1_322' title='bbox 420 4743 432 4776; x_wconf 87' lang='lat'><strong>¹</strong></span> <span class='ocrx_word' id='word_1_323' title='bbox 468 4740 542 4795; x_wconf 91' lang='lat' dir='ltr'>Vide</span> <span class='ocrx_word' id='word_1_324' title='bbox 556 4740 711 4813; x_wconf 86' lang='lat' dir='ltr'>epistolam</span> <span class='ocrx_word' id='word_1_325' title='bbox 724 4739 805 4809; x_wconf 79' lang='lat'>2756,</span> <span class='ocrx_word' id='word_1_326' title='bbox 819 4749 850 4796; x_wconf 89' lang='lat' dir='ltr'>et</span> <span class='ocrx_word' id='word_1_327' title='bbox 863 4741 996 4797; x_wconf 88' lang='lat' dir='ltr'>laudatos</span> <span class='ocrx_word' id='word_1_328' title='bbox 1010 4741 1121 4798; x_wconf 87' lang='lat' dir='ltr'>ibidem</span> <span class='ocrx_word' id='word_1_329' title='bbox 1131 4753 1278 4800; x_wconf 90' lang='lat' dir='ltr'>auctores.</span> 
     </span>
    </p>
   </div>
   <div class='ocr_carea' id='block_1_15' title="bbox 0 0 1827 5412">
    <p class='ocr_par' dir='ltr' id='par_1_15' title="bbox 0 0 1827 5412">
     <span class='ocr_line' id='line_1_43' title="bbox 0 0 1827 5412; baseline 0 0"><span class='ocrx_word' id='word_1_330' title='bbox 0 0 1827 5412; x_wconf 95' lang='lat' dir='ltr'> </span> 
     </span>
    </p>
   </div>
  </div>
 </body>
</html>
