3634 5417
433 525 487 582 412
814 512 1020 569 Monuuan‘tn
1040 513 1218 569 leuantur

399 676 451 732 tat
467 665 490 731 li
506 664 675 751 prossimi‚
694 675 729 734 et
745 666 848 731 molte
864 685 967 751 opere
988 664 1056 751 pie,
1081 686 1146 750 pur
1166 666 1199 731 la
1217 662 1423 731 discretione
1445 661 1619 747 insegnarti

397 801 436 849 se
450 788 572 865 queste
587 802 608 846 o
624 780 738 865 quelle
752 778 1135 873 debbianoabraciatsi,
1153 801 1221 846 non
1240 780 1427 865 potendose
1446 790 1548 857 tutte,
1565 780 1622 843 ha·

400 898 514 965 uendo
536 915 670 981 sempre
690 896 713 959 l’
736 895 836 962 oehio
856 896 889 961 al
912 894 1046 983 maglor
1065 894 1206 965 seruitio
1223 896 1265 963 de
1282 894 1359 977 Dio,
1378 906 1412 960 et
1429 894 1518 962 bene
1534 912 1623 959 com-

396 1032 513 1091 mune,
531 1022 566 1077 et
583 1012 699 1077 buono
715 1011 819 1078 odore
833 1011 924 1079 della
940 1010 1167 1097 Compagnia,
1185 1022 1220 1080 et
1243 1010 1265 1075 l’
1290 1020 1467 1095 assumpto
1491 1007 1623 1095 proprio

395 1128 453 1195 del
467 1127 628 1213 collegio,
646 1138 681 1193 et
697 1148 778 1195 cose
794 1126 929 1214 proprie
944 1127 1035 1195 della
1050 1126 1277 1212 Compagnia.

882 1324 999 1373 renzn
1025 1311 1142 1371 trare

466 1478 512 1545 La
532 1488 625 1545 terza
640 1461 737 1563 parte
751 1478 772 1543 ὁ
788 1496 951 1563 procurat
972 1478 1038 1543 che
1059 1475 1087 1543 si
1109 1474 1329 1543 stabiliscano
1349 1488 1385 1543 et
1405 1472 1626 1561 augmentino

398 1595 430 1659 le
446 1614 525 1661 cose
541 1593 596 1658 del
612 1613 706 1658 nouo
721 1591 868 1679 collegio
885 1593 1082 1677 temporale;
1102 1610 1163 1676 per
1179 1590 1202 1655 il
1218 1592 1294 1668 che,
1313 1589 1400 1655 oltra
1416 1588 1497 1657 delli
1521 1588 1624 1655 sacti-

398 1707 466 1773 ficii
482 1722 517 1775 et
532 1706 690 1775 oratione
705 1706 853 1793 speciale
869 1710 935 1775 che
950 1706 1033 1793 ogni
1049 1706 1085 1773 di
1102 1704 1290 1774 doueriano
1307 1707 1357 1772 far
1377 1703 1458 1771 tutti
1475 1703 1580 1789 quelli
1593 1702 1626 1769 di

397 1846 479 1891 casa
495 1846 556 1910 per
578 1824 643 1889 tale
664 1810 794 1903 effetto‚
817 1834 946 1908 quanto
967 1823 1052 1891 siaa
1073 1820 1181 1909 gloria
1202 1822 1246 1888 de
1269 1820 1336 1889 Dio
1353 1822 1375 1886 l'
1394 1818 1626 1887 osseruatione

400 1940 490 2008 delle
507 1960 587 2006 cose
607 1940 701 2005 detto
722 1938 812 2007 nella
827 1938 936 2024 prima
959 1948 994 2007 et
1017 1938 1167 2005 soconda
1189 1948 1298 2023 parte,
1324 1936 1466 2023 giouarti
1492 1936 1550 2021 piu
1573 1938 1624 2001 ch'

399 2056 488 2121 altro
504 2074 622 2121 mezzo
642 2053 766 2120 alcuno
785 2053 829 2122 de
845 2065 961 2121 nostra
982 2066 1089 2140 parte.
1115 2056 1184 2133 Ma,
1204 2044 1373 2119 toccando
1394 2051 1508 2119 alcuni
1524 2050 1626 2119 mezzi

399 2168 527 2256 proprii
544 2171 723 2254 dequesta
740 2180 832 2236 terza
848 2179 957 2255 parte,
976 2169 1204 2255 aggiutarano
1219 2168 1242 2234 li
1264 2168 1432 2255 sequenti.

470 2284 597 2352 Primo.
645 2284 821 2353 Storzatse
843 2284 886 2350 de
912 2294 1060 2353 tratener
1084 2295 1118 2353 et
1142 2304 1317 2353 accrescet
1333 2284 1365 2350 la
1381 2282 1625 2351 beneuolencia

370 2402 456 2471 ,del
480 2401 569 2466 duca
592 2410 627 2467 et
650 2401 706 2468 del
729 2420 878 2467 vesoouo
894 2410 930 2469 et
950 2401 1040 2467 della
1059 2401 1154 2481 citta,
1178 2398 1456 2486 complacendolo
1478 2399 1512 2465 in
1539 2410 1627 2467 tutto

400 2517 515 2601 quello
539 2518 604 2585 che
632 2516 660 2583 si
687 2519 784 2602 potra
811 2518 1002 2585 secundum
1032 2519 1156 2597 Deum,
1179 2528 1214 2582 et
1241 2517 1445 2584 seruendolo
1460 2515 1496 2581 in
1518 2516 1628 2601 quelle

398 2652 502 2718 opere
518 2632 573 2718 pie
589 2635 653 2699 che
669 2632 871 2700 desiderano
888 2632 947 2718 pii1
962 2632 992 2699 si
1008 2632 1206 2719 adoperino,
1224 2654 1292 2699 non
1309 2632 1338 2700 si
1360 2632 1628 2719 pregiudicando

400 2750 433 2813 al
451 2748 582 2835 magi0t
598 2748 738 2815 seruitio
753 2748 798 2817 de
812 2748 921 2817 Iddio.
940 2748 1122 2815 Habbiano
1138 2749 1239 2818 etiam
1256 2770 1339 2817 cura
1354 2746 1432 2815 dell'
1448 2748 1533 2814 odor
1546 2748 1628 2814 buo-

400 2875 498 2931 noct
517 2864 692 2932 authorita
706 2886 846 2951 apresso
861 2865 945 2943 loto,
963 2878 999 2932 et
1021 2865 1134 2951 parlisi
1151 2866 1194 2933 de
1217 2867 1318 2931 modo
1334 2867 1400 2933 che
1416 2865 1445 2931 si
1461 2863 1553 2950 speri
1568 2866 1631 2930 che

402 2980 434 3046 la
450 2980 663 3066 Compagnia
685 2981 703 3047 ὲ
725 3004 784 3067 per
806 2994 1010 3068 augmentat
1033 2982 1089 3048 dal
1112 2993 1214 3049 canto
1238 3001 1301 3047 suo
1325 2982 1348 3045 l’
1374 3002 1470 3065 opta,
1497 2980 1629 3048 bench&

400 3096 567 3162 comincia
589 3117 649 3181 per
670 3095 692 3161 il
713 3098 815 3181 basso
835 3096 1122 3165 ordinariamente
1145 3119 1206 3183 per
1229 3117 1362 3165 crescet
1382 3095 1482 3182 dapoi
1502 3107 1539 3163 et
1562 3118 1630 3163 non

401 3212 523 3277 calare.

468 3324 519 3391 2.⁰
566 3329 651 3396 Sara
666 3326 768 3394 etiam
784 3328 828 3393 de
843 3348 1007 3414 procurat
1021 3329 1064 3394 de
1082 3330 1172 3395 farse
1184 3326 1342 3396 beneuoli
1354 3326 1376 3393 l'
1388 3328 1474 3395 altre
1487 3345 1636 3412 persone*

399 3442 443 3509 de
460 3442 516 3526 piit
533 3441 743 3528 importanza
757 3454 793 3509 et
809 3442 1032 3524 benefactori;
1051 3454 1085 3511 et
1102 3442 1125 3509 il
1144 3442 1355 3512 conuersarli
1375 3441 1408 3507 in
1431 3464 1510 3509 cose
1532 3441 1631 3527 spiri-

402 3556 497 3638 tuali,
522 3570 557 3624 et
581 3557 754 3643 aggiutar’
777 3556 835 3623 'alli
859 3557 918 3624 tali
939 3580 1004 3625 con
1028 3578 1110 3625 cura
1131 3556 1345 3644 partientem,
1368 3558 1511 3625 sarebbe
1528 3556 1632 3623 molto

401 3673 630 3742 conueniente
645 3685 680 3740 et
695 3684 796 3759 grato
811 3696 831 3741 a
848 3674 926 3753 Dio,
945 3676 989 3741 de
1004 3674 1060 3740 cui
1076 3674 1099 3739 il
1116 3674 1255 3759 negotio
1272 3672 1300 3739 si
1317 3684 1434 3739 tratta.

467 3788 519 3873 3.⁰
569 3793 636 3858 Per
651 3789 779 3877 meglio
793 3812 951 3857 osseruar
968 3792 999 3856 la
1020 3788 1248 3857 conueniente
1269 3788 1416 3856 autoritti
1438 3790 1527 3857 nelle
1550 3810 1632 3855 cose

400 3906 580 3992 spirituali,
606 3903 774 3993 procurisi
797 3907 861 3973 che
885 3926 945 3991 per
969 3904 990 3970 li
1015 3904 1113 3971 amici
1136 3918 1171 3971 et
1193 3926 1261 3971 non
1284 3926 1343 3989 pet
1363 3926 1400 3971 se
1417 3902 1531 3984 stessi,
1550 3925 1588 3969 se
1605 3902 1632 3969 si

401 4026 482 4109 puo,
501 4022 709 4089 domandino
724 4033 760 4089 et
776 4021 916 4088 trattino
939 4022 983 4088 de
1005 4042 1084 4087 cose
1108 4022 1306 4105 temporale,
1330 4042 1351 4085 o
1373 4020 1506 4087 saccino
1526 4018 1562 4085 in
1588 4020 1633 4085 tal

401 4138 502 4205 modo
518 4140 585 4205 che
600 4160 670 4203 non
686 4138 715 4203 si
732 4138 820 4205 teda
835 4136 950 4223 specie
967 4138 1055 4203 mala
1070 4138 1114 4203 de
1130 4135 1294 4222 cupidini.

469 4256 522 4335 4⁰
569 4252 735 4320 Habbiasi
759 4272 843 4319 cura
865 4251 1012 4337 speciale
1034 4254 1100 4319 che
1122 4252 1150 4317 si
1171 4251 1255 4338 pigli
1276 4272 1341 4319 con
1363 4262 1479 4337 tempo
1501 4273 1548 4315 vn
1568 4249 1632 4316 sito

401 4372 516 4435 buono
531 4382 567 4436 et
583 4370 680 4455 largo
695 4367 797 4446 assai,
816 4390 838 4435 o
854 4371 919 4435 che
935 4366 962 4433 si
981 4390 1079 4454 possa
1096 4380 1218 4452 questo
1230 4369 1381 4453 slargare
1394 4366 1459 4433 che
1472 4364 1561 4433 hasti
1574 4386 1632 4451 per

400 4507 492 4565 casa,
510 4497 545 4551 et
560 4483 690 4552 chiesia
706 4493 741 4553 et
757 4484 888 4551 schola:
906 4494 941 4551 et
958 4504 995 4551 se
1012 4483 1039 4550 si
1058 4488 1125 4569 put)
1143 4505 1210 4550 non
1233 4494 1356 4568 troppo
1376 4482 1527 4549 diseosto
1543 4483 1587 4549 da
1603 4483 1630 4547 la

400 4600 662 4667 conuersatione
683 4600 771 4667 della
792 4600 888 4680 cirta
911 4610 945 4667 et
974 4600 1058 4665 fatto
1081 4598 1217 4685 proprio
1244 4598 1370 4682 quell0,
1400 4596 1489 4664 satia
1516 4598 1630 4663 buono

402 4715 568 4802 principio
583 4716 640 4781 del
657 4728 759 4783 resto.
