3634 5417
584 460 686 519 Enisa.
709 458 863 529 3304--26
881 460 999 515 Maarn
1019 457 1088 532 1553
1156 496 1162 508 .
1366 458 1420 529 673

224 615 255 682 el
273 616 396 682 affecto
412 634 477 680 con
495 634 541 681 un
571 634 701 681 mesmo
728 634 851 699 querar
879 637 901 700 y
928 634 974 679 no
997 634 1131 699 querar.
1161 617 1227 681 Por
1254 636 1314 682 eso
1329 613 1406 683 dize
1421 616 1455 681 la

224 729 402 816 scriptura:
421 730 526 815 Quod
543 730 731 798 meliorest
748 728 942 797 obedientia
962 751 1065 815 quam
1082 728 1242 797 victimae
1259 732 1283 810 ⁷3
1307 751 1452 815 porque,

223 850 335 931 segtm
351 867 412 913 san
427 844 612 931 Gregorio:
628 846 695 915 Per
713 844 868 911 victimas
885 845 997 911 aliena
1017 866 1111 926 caro,
1133 866 1194 929 per
1221 844 1451 911 obedientiam

224 960 360 1047 propria
387 961 546 1029 voluntas
572 971 743 1027 mactatur
771 962 796 1027 ⁸.
828 956 987 1049 Y[como
1014 972 1087 1028 esta
1115 961 1278 1027 voluntad
1294 980 1332 1027 es
1347 958 1403 1051 en]
1418 961 1451 1029 el

230 1076 374 1143 hombre
389 1077 434 1142 de
450 1086 547 1143 tanto
563 1077 671 1156 valor,
694 1076 794 1143 asilo
821 1098 859 1145 es
884 1078 1011 1143 mucho
1033 1076 1065 1141 el
1081 1077 1125 1142 de
1140 1077 1172 1143 la
1199 1071 1394 1164 olblaleion,
1412 1096 1456 1141 en

225 1215 293 1278 que
310 1192 374 1259 ella
403 1213 440 1259 se
468 1192 582 1259 otrece
611 1213 673 1277 por
688 1192 721 1259 la
748 1190 983 1259 obedienciaa
1008 1213 1051 1257 su
1075 1190 1208 1257 criador
1230 1213 1252 1275 y
1280 1200 1388 1257 senor.
1405 1190 1452 1276 50

225 1315 354 1394 quanto
370 1318 507 1394 engano
524 1320 677 1393 romany
697 1314 788 1393 quan
810 1307 994 1395 peligros0,
1025 1329 1070 1374 no
1086 1308 1168 1393 digo
1194 1309 1383 1375 solamente
1398 1307 1451 1374 los

224 1446 293 1510 que
308 1448 352 1493 en
367 1446 467 1491 cosas
484 1426 658 1511 allegadas
674 1432 694 1491 a
711 1425 743 1490 la
758 1400 861 1490 earne
881 1446 903 1509 y
920 1445 1057 1510 sangre,
1076 1446 1148 1523 mas
1163 1444 1233 1490 aun
1254 1444 1298 1488 en
1319 1424 1369 1489 las
1384 1444 1451 1507 que

225 1562 289 1608 son
303 1541 346 1606 de
362 1562 449 1625 suyo
466 1561 546 1623 muy
563 1540 756 1626 spirituales
771 1560 795 1625 y
811 1550 960 1621 sanctas,
977 1539 1091 1607 tienen
1104 1538 1268 1625 por-licito
1282 1549 1454 1623 apartarse

224 1656 267 1723 de
283 1658 315 1721 la
331 1656 498 1721 voluntad
513 1656 556 1721 de
572 1676 632 1722 sus
648 1654 852 1741 superioreS,
870 1674 969 1719 como
985 1676 1023 1721 es
1037 1676 1080 1720 en
1098 1655 1149 1719 los
1162 1675 1307 1737 ayunos‚
1321 1654 1454 1719 oracio·

225 1794 286 1840 nes
301 1794 323 1857 y
339 1770 577 1857 qualesquiera
591 1783 684 1837 otras
698 1774 771 1855 pias
787 1769 897 1835 obrasl
914 1769 1018 1853 Oyan
1029 1772 1063 1836 lo
1076 1790 1144 1853 que
1157 1766 1235 1835 bien
1249 1781 1353 1833 anota
1365 1768 1454 1835 Cas-

223 1889 320 1954 siano
334 1908 378 1953 en
394 1888 426 1953 la
442 1886 594 1953 colacion
613 1886 656 1953 de
673 1888 796 1955 Daniel
811 1889 911 1955 abad:
931 1890 1047 1957 Unum
1065 1897 1100 1953 et
1116 1886 1206 1953 idem
1221 1886 1232 1925 f
1251 1886 1452 1972 inobedien-
1479 1976 1483 1983 Ι

226 2004 293 2071 tiae
313 2006 436 2090 [genus
452 2014 516 2083 est,
536 2004 589 2069 vel
607 2016 743 2089 propter
763 2004 978 2089 operationis
992 2002 1200 2083 instantiam,
1224 2003 1290 2086 vel]
1314 2014 1471 2087 propter·

225 2118 284 2185 otii
301 2119 518 2197 desiderium,
536 2116 890 2207 seniorispraelterire
920 2120 1129 2199 mandatum
1155 2129 1292 2203 tamque
1313 2117 1451 2203 dispen-
1564 2183 1567 2190 ⁴

224 2236 362 2301 diosum
377 2245 430 2301 est
445 2255 507 2319 pro
523 2233 712 2319 vigilantia,
731 2256 832 2319 quam
849 2234 923 2321 pro]
938 2255 1072 2311 somno,
1091 2232 1287 2302 monasterii
1308 2230 1451 2319 [statuta

226 2350 435 2430 conuellere3
454 2362 587 2415 tantum
602 2350 751 2433 denique
765 2360 817 2415 est
838 2348 972 2415 abbatis
992 2347 1136 2415 transire
1155 2359 1389 2435 praeceptum,
1416 2358 1451 2413 ut

225 2464 349 2557 legas]
365 2476 530 2550 quantum
547 2464 576 2530 si
597 2464 820 2552 [contemnam
845 2474 882 2531 ut
903 2463 1053 2529 dormias
1074 2466 1100 2529 ⁹.
1125 2466 1252 2532 Sancta
1273 2485 1330 2529 era
1346 2463 1379 2529 la
1393 2484 1452 2530 ac·

225 2580 305 2648 cion
321 2582 364 2647 da
382 2582 503 2660 Marta,
522 2590 640 2647 sancta
657 2580 689 2647 la
705 2578 990 2667 contelmplacion
1004 2579 1049 2644 de
1071 2577 1313 2666 Malgdalena,]
1334 2589 1452 2645 saneta

222 2698 256 2763 la
274 2694 479 2783 pe[nitencia
493 2717 516 2781 y
532 2696 705 2782 lagrymas
720 2716 785 2761 con
802 2716 869 2779 que
886 2716 925 2763 se
941 2694 1102 2760 banhaua
1118 2694 1169 2766 los
1191 2693 1274 2784 pies]
1297 2694 1341 2759 de
1357 2694 1448 2778 Xpo.

226 2823 366 2881 nuestro
382 2820 496 2889 senor3
515 2830 597 2895 pero
619 2812 700 2876 todo
721 2806 800 2898 [ello
821 2831 891 2875 uuo
908 2810 951 2874 de
972 2829 1089 2876 seren
1113 2806 1295 2887 Bethania,
1319 2829 1385 2893 que
1401 2807 1451 2873 in·

224 2938 395 3013 terpretan
414 2948 492 2995 casa
508 2928 551 2995 de
567 2924 794 3015 obediencia5]
810 2944 878 3009 que
901 2945 1022 3010 pareoe
1045 2923 1108 3013 nos
1123 2923 1242 3008 quiere
1261 2924 1324 2988 dar
1341 2928 1361 2988 a
1376 2920 1456 3011 [en-⁸

223 3045 343 3111 render
359 3044 424 3110 X.⁰
441 3053 581 3109 nuestro
596 3051 698 3109 senor
714 3044 823 3127 (como
839 3054 942 3107 anota
957 3062 1019 3106 san
1043 3040 1240 3123 Bernardolz
1265 3040 1367 3123 Quod
1386 3060 1449 3105 nec

223 3158 372 3227 studium
391 3156 511 3249 bonae]
526 3156 683 3237 actionis,
698 3178 761 3223 nec
773 3156 886 3223 ocium
899 3166 1038 3222 sanctae
1049 3152 1372 3243 [contemplationis
1386 3174 1450 3219 nec

223 3275 418 3360 lachrymae
434 3270 640 3359 poenitentis
654 3283 751 3339 extra
768 3270 970 3339 Bethaniam
985 3269 1033 3336 illi
1049 3280 1193 3355 accepta
1208 3280 1222 3317 ἰ
1238 3290 1315 3336 esse
1327 3280 1450 3354 potue-

224 3402 304 3457 runt
324 3390 361 3455 ¹⁰.

289 3506 321 3571 6.
370 3506 450 3572 Asst
468 3525 547 3589 que,
566 3506 748 3571 hermanos
764 3500 993 3580 charissimos,
1012 3500 1181 3587 procurad
1202 3500 1246 3567 de
1262 3502 1364 3567 hazer
1384 3522 1448 3570 en·

224 3611 295 3687 tera
313 3622 346 3687 la
362 3618 577 3705 resignacion
595 3620 638 3687 de
655 3628 811 3685 unes-tras
828 3616 1044 3696 voluntades;
1069 3615 1218 3681 otfrecad
1234 3613 1448 3681 liberalmen-

150 3749 153 3757 ’
223 3736 267 3821 te]
281 3734 296 3775 ¹¹
308 3736 341 3803 la
356 3735 499 3801 libertad
515 3756 582 3818 que
594 3734 626 3801 el
639 3755 678 3799 os
688 3731 778 3801 dioa
793 3746 931 3801 uuestro
946 3730 1114 3816 criadory
1129 3740 1233 3800 senor
1249 3752 1292 3797 en
1309 3751 1368 3795 sus
1384 3729 1449 3795 mi·

222 3850 358 3917 nistros
378 3852 408 3916 Y
426 3870 470 3917 no
482 3872 521 3917 os
533 3870 675 3936 parezca
687 3870 742 3915 ser
753 3869 841 3935 poco
855 3849 968 3915 tructo
980 3848 1024 3915 de
1040 3859 1180 3915 uuestro
1196 3846 1282 3915 libre
1297 3846 1449 3914 aluedrlo

273 4056 284 4099 t
299 4054 360 4113 Hic
371 4053 483 4111 desinit
496 4051 757 4125 primumsolium
769 4051 923 4125 archetypi
932 4049 1072 4105 lusitani.
1097 4065 1147 4103 -a
1173 4048 1266 4104 Verba
1277 4047 1319 4103 illi
1329 4057 1450 4121 aocepta

220 4144 434 4201 desiderantur
455 4142 489 4199 io
502 4140 593 4197 «cod.
606 4141 697 4225 Ebor.
717 4142 779 4196 ΙΙ.»
808 4140 857 4182 -h
878 4138 964 4208 Quae
985 4142 1151 4210 seqrruntur
1160 4138 1318 4209 desumpta
1330 4140 1401 4191 sunt
1413 4156 1449 4192 ex

222 4232 373 4307 originali
386 4232 570 4287 matritensi.

274 4414 285 4445 ²
322 4410 439 4483 IRao.,
458 4410 523 4481 XV,
541 4423 585 4467 22.

273 4498 287 4532 ⁸
323 4498 415 4557 Srus
431 4498 618 4555 Garrooarus
631 4498 670 4555 M.
675 4537 683 4567 ,
699 4494 878 4565 Moralium,
889 4494 943 4553 lib.
954 4492 1078 4565 XXXV,
1091 4509 1156 4564 cap.
1170 4505 1215 4553 22,

273 4591 285 4621 *¹
322 4588 511 4651 Cassianus,
528 4584 710 4643 collationes
724 4586 906 4641 Sanctorum
918 4582 1061 4647 Petrum,
1075 4580 1126 4637 lib.
1141 4580 1192 4652 lV,
1203 4598 1269 4655 cap.
1283 4596 1329 4639 20.

267 4679 289 4712 ¹⁰
326 4676 423 4734 Srns.
434 4678 640 4747 Βωιιυυε,
654 4674 760 4731 Semo
773 4674 814 4729 cut
825 4673 937 4729 milites
948 4672 1064 4745 tempti,
1077 4687 1143 4745 cap.
1164 4668 1206 4728 13.

354 4773 459 4819 moran.
476 4772 694 4829 lemn-Ernst„
710 4782 770 4817 rou.
787 4768 833 4817 lv.
1287 4770 1316 4813 43
