3634 5417
378 426 413 493 86
758 426 966 483 Monunmra
985 428 1163 485 lemnam

344 578 586 665 responderam
603 587 627 644 ⁰.
647 578 734 645 Cum
751 589 866 647 autem
888 600 1043 646 summus
1059 578 1213 666 pontifex
1233 576 1370 648 aliunde
1387 600 1455 644 non
1472 599 1575 665 posse

345 693 438 780 regis
454 693 622 761 voluntati
644 692 800 761 satisfieri
822 693 1120 777 animadverteret,
1143 695 1179 763 in
1199 704 1349 763 mentem
1376 694 1472 761 venit
1491 694 1524 763 ei
1543 692 1572 774 ⁶,

304 894 306 899 Ι
345 812 437 897 quod
453 810 522 876 duo
538 808 587 875 illi
602 810 754 895 theologi
769 820 907 877 nostrae
924 809 1120 889 Societatis,
1135 809 1193 895 qui
1206 810 1405 897 ingolstadii
1422 821 1516 888 sunt,
1530 810 1576 877 ad

346 946 476 1013 regem,
495 937 574 991 tuae
589 924 813 993 excellentiae
828 945 988 992 socerum
1004 926 1030 1007 ³,
1049 948 1087 994 se
1101 926 1257 993 conferre
1281 937 1450 1012 poterant.
1470 926 1575 1011 Quod

345 1060 425 1107 cum
441 1037 580 1106 omnino
595 1040 697 1107 eiuse
718 1040 893 1107 sanctitati
914 1040 1112 1126 placuisset,
1131 1040 1214 1107 mihi
1233 1062 1294 1126 per
1314 1062 1420 1107 vnum
1439 1063 1484 1107 ex
1499 1061 1571 1107 car·

346 1154 519 1222 dinalibus
536 1178 633 1223 suam
649 1157 861 1223 voluntatem
878 1155 1101 1241 significauit.
1121 1156 1220 1225 Licet
1235 1168 1363 1239 autem,
1379 1162 1574 1245 per'votum

347 1282 486 1339 nostrae
505 1271 737 1358 professionis,
751 1271 926 1359 integrum
943 1271 1042 1339 nobis
1058 1293 1127 1338 non
1147 1283 1240 1340 esset
1260 1272 1385 1339 summi
1405 1270 1579 1358 pontificis

349 1399 385 1454 et
402 1386 559 1476 [Christi]
575 1384 587 1427 f
604 1386 731 1455 Vicarii
747 1386 900 1453 missioni
923 1386 1196 1456 excussationem
1217 1388 1405 1456 obtendere
1424 1400 1450 1471 Β,
1468 1387 1572 1474 signi-

349 1503 486 1569 ficando
504 1512 618 1573 tamen
635 1502 661 1583 ¹¹,
681 1504 773 1589 quod
790 1503 898 1570 nostri
914 1503 1068 1590 theologi
1084 1503 1331 1590 lngolstadium
1343 1504 1437 1571 missi
1449 1515 1576 1583 essent,

349 1629 385 1685 vt
412 1618 550 1705 collegii
569 1619 654 1685 inibi
669 1619 825 1706 erigendi
842 1619 1066 1686 fundamenta
1086 1619 1252 1700 iacerent,
1270 1620 1403 1687 obtinui
1424 1632 1473 1699 vt,
1492 1640 1574 1705 qua-

349 1732 378 1800 si
395 1746 517 1801 mutuo
538 1757 558 1801 a
578 1748 637 1802 tua
660 1734 861 1803 excellentia
884 1756 1006 1803 socero
1027 1735 1070 1801 ad
1094 1728 1231 1821 tempus
1252 1734 1420 1817 concessi,
1438 1734 1579 1802 redituri

341 1848 510 1916 'nimirum
532 1870 610 1919 cum
638 1850 823 1937 collegium
851 1860 943 1918 esset
969 1849 1220 1932 inchoandum,
1249 1851 1477 1920 mitterentur.
1507 1848 1580 1916 Erit

350 1986 436 2052 ergo
452 1965 677 2034 humanitatis
694 1976 784 2047 tuae,
809 1966 916 2034 Illme.
935 1965 1107 2051 princeps
1127 1976 1164 2031 ut
1183 1988 1243 2033 eos
1266 1966 1357 2033 sedis
1376 1965 1581 2053 apostolicae

350 2080 580 2149 obedientiam
593 2080 717 2167 exequi
728 2080 810 2148 boni
822 2082 998 2161 consulas
1013 2093 1048 2149 et
1060 2080 1148 2162 illos,
1162 2081 1370 2169 ubicumque
1382 2082 1463 2164 sint,
1478 2081 1583 2148 immo

352 2208 386 2265 et
402 2219 466 2263 nos
480 2218 611 2279 omnes,
630 2210 710 2263 tuos
730 2219 807 2266 esse
827 2197 946 2263 ducas.
966 2198 1055 2263 Cum
1077 2181 1200 2266 autem
1214 2209 1272 2267 tua
1292 2197 1494 2267 excellentia
1508 2197 1581 2265 col-

351 2311 480 2399 legium
505 2313 667 2381 inchoare
682 2312 842 2381 statuerit
857 2311 876 2393 l,
896 2314 1035 2381 eosdem
1050 2334 1129 2379 curn
1146 2313 1221 2381 aliis
1236 2314 1450 2381 scholasticis
1467 2314 1582 2400 Ingol-

352 2427 501 2495 stadium
522 2428 633 2496 redire
653 2430 793 2510 curab0,
811 2439 847 2495 et
867 2428 903 2495 in
922 2428 1084 2497 omnibus
1105 2430 1148 2495 ad
1165 2427 1230 2497 Dei
1251 2430 1394 2516 gloriam
1415 2442 1450 2496 et
1471 2430 1583 2495 hono-

353 2565 425 2613 rem
444 2554 503 2611 tua
519 2543 721 2612 excellentia
737 2566 801 2611 nos
816 2544 882 2611 sibi
902 2542 1134 2612 deditissimos
1150 2544 1333 2633 intelliget.

421 2660 594 2747 Dignetur
610 2660 775 2747 sapientia
795 2672 915 2729 eterna
939 2682 1004 2728 nos
1026 2682 1148 2729 omnes
1169 2663 1213 2727 ad
1233 2661 1420 2747 perfectam
1445 2660 1584 2728 diuinae

253 2826 257 2835 .
353 2797 437 2843 suae
453 2776 642 2843 uoluntatis
657 2774 890 2862 cognitionem
907 2776 1089 2857 instruere,
1107 2777 1202 2844 etad
1222 2798 1299 2843 earn
1317 2779 1468 2862 perfecte
1489 2797 1582 2843 com·

354 2892 526 2977 plendam,
544 2892 689 2979 gratiam
706 2894 846 2959 vberem
860 2892 990 2979 largiri.
1010 2892 1135 2960 Amen.

423 3008 552 3077 Rornae
567 3007 630 3075 XII
642 3008 796 3097 Januarii
814 3010 864 3079 M.
881 3011 926 3075 D.
942 3008 1003 3077 LII
1016 3008 1037 3075 ³.

424 3124 520 3191 Tuae
536 3122 647 3190 Exse
662 3126 822 3192 seruulus
834 3124 869 3190 in
889 3124 1049 3205 Domino,

1219 3239 1407 3307 lemnus

426 3356 469 3421 In
486 3356 593 3421 altero
603 3357 695 3445 solio
711 3357 947 3443 compendium
970 3358 1137 3443 epistolae.

430 3472 614 3557 Inscriptio
626 3472 664 3537 in
684 3475 789 3539 «162»
807 3478 839 3538 ct
857 3476 980 3556 «163».
1003 3473 1110 3539 lllmo.
1133 3471 1279 3558 principi
1300 3472 1458 3551 Albert0,
1473 3470 1587 3538 comiti

413 3691 426 3721 c
463 3678 551 3733 Duae
568 3682 722 3748 sequentes
736 3677 869 3749 periodi,
884 3694 974 3748 usque
990 3677 1032 3732 ad
1049 3676 1140 3731 verba
1158 3675 1243 3732 Licet
1260 3685 1371 3744 autem,
1384 3677 1426 3731 sic
1442 3676 1592 3731 habentur

358 3767 391 3821 in
407 3764 511 3821 «Pet»
525 3766 599 3823 Cum
618 3775 718 3822 autem
736 3782 868 3821 summus
882 3764 1017 3839 pontifex
1029 3765 1147 3822 aliunde
1159 3783 1220 3822 non
1232 3782 1320 3839 posse
1332 3767 1433 3837 regiae
1447 3764 1590 3821 uoluntati

359 3854 497 3911 satisfieri
515 3854 776 3925 animaduerteret,
794 3854 868 3909 duos
885 3854 962 3923 illos,
980 3856 1030 3928 qui
1048 3856 1222 3927 Ingolstadii
1239 3864 1319 3917 sunt.
1337 3854 1375 3909 ad
1391 3872 1505 3926 regern,
1523 3864 1590 3910 tuae

360 3944 555 4000 excellentiae
568 3961 714 4012 socerum,
728 3961 761 3999 se
774 3943 909 3999 conferre
923 3944 1029 4015 voluit,
1042 3953 1073 3999 et
1087 3944 1158 4000 mihi
1171 3962 1223 4017 per
1238 3962 1329 4000 unum
1342 3960 1380 3998 ex
1392 3943 1591 3999 cardinalibus

360 4050 443 4088 suam
454 4035 639 4088 uoluntatem
649 4032 839 4105 significauit.
880 4035 930 4077 -‹t
949 4034 1038 4089 Deest
1048 4033 1081 4088 in
1092 4033 1190 4104 «163».
1229 4049 1277 4077 -e
1296 4033 1444 4103 suae163.
1484 4036 1531 4077 -s
1545 4033 1594 4091 li.i

362 4121 507 4192 162‚163‚
524 4122 593 4179 Pol.
631 4139 681 4177 -a
699 4122 859 4178 obtrudere
873 4121 943 4193 163.
983 4125 1035 4166 -h
1053 4124 1118 4177 Pro
1130 4122 1325 4193 significando
1344 4134 1454 4188 tamen,
1466 4124 1592 4179 habetur

361 4213 394 4267 in
413 4212 530 4267 «Polou
554 4212 584 4267 in
608 4211 777 4267 memoriam
801 4221 900 4268 tamen
923 4211 1102 4271 reducendo.
1141 4214 1185 4255 -ὶ
1204 4212 1352 4269 studuerit
1370 4213 1436 4283 τός.
1475 4215 1517 4265 —i
1536 4212 1593 4268 Hic

361 4300 471 4357 decinit
488 4300 588 4356 «Pol.

415 4474 426 4507 l
464 4472 530 4530 Una
544 4489 582 4527 ex
596 4472 800 4529 Ferdiuandil
818 4472 936 4529 filiabus
952 4472 1010 4528 fuit
1024 4474 1130 4528 «Anna
1142 4490 1172 4528 n.
1191 4472 1270 4543 1528.
1288 4486 1331 4541 t4.
1351 4473 1444 4544 Junii,
1462 4482 1552 4545 nupta
1564 4490 1592 4543 4.

359 4562 418 4631 Jul.
440 4562 518 4631 1546.
537 4563 663 4618 Alberto
685 4562 828 4619 Bauariae
846 4562 935 4633 Duci,
955 4563 972 4617 i
994 4562 1039 4620 16.
1061 4561 1186 4619 Octobr.
1207 4562 1595 4633 158on.R1‘rruttsttusttt8,

367 4652 582 4724 Genealogiae,
594 4652 621 4723 1,
635 4650 680 4721 58.
