3634 5417
807 528 911 580 πω,
1562 514 1980 571 Monmnm
2019 515 2377 572 Ioum-um

739 668 807 732 in
847 668 1289 753 Portugauia‚
1328 669 1525 753 plura
1565 667 1636 733 in
1670 666 1888 750 India,
1924 668 2062 735 duo
2094 666 2164 734 in
2206 667 2459 749 Sicilia,
2500 682 2643 736 turn
2689 673 2969 749 Romae,
3008 673 3192 736 Bon-

739 784 1006 863 noniae,
1048 782 1335 860 Patavii,
1375 782 1706 852 Venetiis.
1786 858 1791 867 ,
2699 782 2709 789 ’

875 900 1240 966 Caeterum
1275 900 1360 965 ab
1396 898 1543 984 ipso
1577 899 2021 968 confirmatae
2052 899 2418 969 Societatis
2450 899 2642 968 initio
2664 923 2803 967 non
2828 902 3196 970 defuerunt

743 1016 807 1079 in
847 1036 927 1080 ea
963 1012 1249 1079 studiosi
1282 1013 1592 1096 iuveneS,
1623 1014 1742 1099 qui
1774 1013 2018 1083 litteris
2042 1014 2354 1082 dederint
2378 1037 2651 1102 operam
2682 1018 3048 1083 multorum
3076 1040 3196 1083 an-

747 1151 983 1196 norum
1023 1141 1165 1194 tum
1200 1127 1361 1194 alibi
1394 1129 1669 1215 passim,
1709 1141 1855 1196 tum
1888 1151 2052 1197 vero
2093 1130 2164 1196 in
2207 1130 2440 1217 primis
2482 1131 2550 1197 in
2600 1131 3042 1200 universitate
3071 1135 3193 1201 flo-

747 1244 1129 1312 rentissima
1174 1243 1610 1312 Lovaniensi.
1673 1245 1809 1314 Ubi
1868 1245 2134 1312 illorum
2185 1247 2498 1313 nonnulli
2550 1258 2819 1338 tantum
2860 1248 3200 1315 studendo

751 1364 1207 1444 profecerunt,
1249 1361 1528 1430 favente
1569 1360 1873 1441 Christe,
1922 1372 2000 1428 ut
2040 1362 2371 1431 absolutis
2418 1363 2669 1430 ibidem
2726 1364 3012 1431 feliciter
3050 1374 3196 1431 stu-

747 1476 903 1556 diis,
943 1497 1127 1542 nunc
1160 1475 1511 1562 operarios
1542 1487 1916 1562 praestent,
1952 1499 2081 1545 nec
2115 1477 2415 1558 inutileS,
2453 1478 2522 1545 in
2554 1478 2754 1548 vinea
2785 1479 3064 1547 Domini
3083 1502 3198 1547 ex·

747 1593 1059 1660 colenda.
1100 1591 1403 1676 Quidam
1440 1614 1574 1658 non
1608 1591 1935 1659 desinunt
1967 1595 2194 1660 adhuc
2225 1592 2356 1659 illis
2388 1594 2631 1663 studiis
2660 1595 3077 1663 incumbere.

887 1706 1152 1774 Placuit
1205 1706 1475 1776 interim
1531 1706 1804 1775 divinae
1868 1708 2275 1795 benignitati
2331 1712 2773 1777 honestorum
2841 1711 3198 1778 hominum
3260 1778 3271 1792 ,

751 1824 1199 1908 quorumdam
1242 1823 1544 1892 excitare
1584 1818 1875 1904 menteS,
1913 1835 1982 1893 et
2026 1825 2110 1892 ad
2142 1827 2319 1893 bene
2352 1828 2750 1893 merendum
2784 1828 2872 1895 de
2901 1826 3009 1893 his
3041 1827 3202 1914 ipsis

751 1937 1197 2018 schnlasticiS,
1234 1938 1349 2024 qui
1394 1939 1658 2025 degunt
1699 1938 1838 2006 illic
1878 1962 2237 2026 paupereS,
2274 1963 2696 2026 permovere.
2743 1943 2923 2010 Sunt
2964 1943 3200 2029 igitur,

751 2056 891 2140 qui,
943 2066 1015 2120 ut
1062 2053 1246 2134 alibi,
1284 2054 1382 2120 sic
1436 2054 1507 2120 in
1552 2055 1899 2141 praeclara
1939 2057 2053 2122 illa
2095 2057 2504 2123 Lovaniensi
2560 2058 2937 2127 Academia
2976 2058 3205 2127 videre

751 2172 1051 2256 cupiant,
1090 2171 1273 2255 quod
1306 2170 1632 2239 Societati
1665 2172 1820 2239 Iesu
1854 2171 2216 2259 collegium
2252 2172 2672 2238 instituatur.
2714 2175 2829 2240 Ad
2870 2176 3053 2259 quod
3084 2196 3206 2242 sua

755 2265 1030 2372 insuper
1070 2307 1248 2370 quae
1289 2285 1593 2371 possidet
1648 2288 1851 2367 bona,
1899 2286 2102 2355 etiam
2148 2287 2440 2367 stabilia,
2488 2289 2805 2356 lubenter
2847 2292 3088 2357 offerre
3139 2305 3209 2357 et

755 2402 1268 2469 accommodare
1300 2401 1577 2487 quidam
1610 2404 1839 2472 vellet.
1880 2399 2135 2472 Verum
2170 2403 2263 2470 ita
2300 2403 2441 2470 fieri
2477 2403 2754 2473 minime
2786 2416 3035 2490 potest,
3064 2405 3210 2472 sine

759 2520 935 2584 bona
968 2517 1190 2597 venia,
1227 2516 1374 2584 sine
1415 2519 1721 2605 benigno
1761 2539 2103 2586 consensu
2148 2519 2395 2605 pioque
2445 2521 2678 2588 favore
2719 2542 2955 2589 sacrae
3000 2521 3210 2589 Maie-

759 2636 951 2700 statis
985 2635 1300 2702 Vestrae.
1339 2635 1538 2701 Hanc
1569 2633 1785 2721 igitur
1808 2634 2125 2721 implorat
2149 2637 2457 2722 Ignatius
2482 2636 2568 2703 de
2596 2638 2882 2722 Loyola,
2915 2639 3209 2724 Presby-

763 2764 863 2820 ter
899 2752 1250 2835 hispanuS,
1289 2750 1678 2836 praedictae
1701 2750 2065 2819 Societatis
2093 2752 2553 2837 PraeposituS,
2583 2754 2768 2820 omni
2802 2731 3211 2821 cumobser-

759 2868 987 2930 varitia
1020 2876 1087 2932 et
1120 2864 1504 2931 humilitate
1550 2887 1825 2950 roganS,
1864 2865 2250 2933 consentire
2289 2868 2615 2952 dignetur
2656 2891 2848 2935 sacra
2897 2869 3216 2936 Maiestas

763 2984 1030 3060 Vestra,
1069 2982 1256 3066 quod
1288 2984 1471 3068 apud
1511 2983 1848 3050 celebrem
1895 2982 2390 3050 Lovaniensem
2436 2985 2948 3052 universitatem
2984 2985 3214 3071 eriga-

763 3112 871 3164 tur
907 3101 1038 3163 tale
1073 3097 1485 3182 Collegium,
1524 3097 1684 3163 huic
1716 3097 1985 3164 stabilia
2018 3098 2218 3166 etiam
2255 3101 2434 3165 bona
2468 3100 2728 3184 possint
2762 3099 3109 3186 applicari,
3146 3112 3218 3166 et

763 3214 969 3280 annui
1007 3213 1310 3280 redditus
1343 3213 1567 3293 adiici,
1606 3227 1940 3299 quantum
1973 3216 2308 3280 bonorum
2346 3215 2718 3282 amicorum
2761 3219 2934 3285 feret
2969 3217 3212 3283 libera·

763 3332 939 3404 litas,
978 3350 1222 3415 nempe
1256 3330 1342 3395 ad
1373 3331 1674 3398 valorem
1709 3350 1928 3414 usque
1961 3329 2143 3415 mille
2176 3331 2604 3397 ducatorum.

899 3448 1120 3528 Quam
1148 3444 1437 3532 gratiam
1466 3444 1522 3512 si
1549 3444 1961 3532 praestiterit
1984 3466 2177 3512 sacra
2203 3446 2521 3514 Maiestas
2545 3461 2798 3528 vestra,
2831 3449 3006 3535 piam
3034 3451 3220 3515 haud

767 3564 971 3624 dubie
1005 3582 1175 3641 rem,
1212 3571 1282 3627 et
1324 3559 1619 3626 Domino
1662 3562 1816 3629 Iesu
1859 3572 2245 3647 pergratam
2297 3561 2557 3629 fecerit.
2610 3563 2877 3631 Deinde
2908 3564 3218 3632 Societa-

771 3692 903 3744 tem
947 3680 1121 3742 hanc
1154 3697 1425 3743 ornnem
1461 3675 1690 3741 multis
1724 3675 2024 3761 alioquin
2060 3675 2451 3742 nominibus
2477 3677 2604 3743 sibi
2641 3680 2975 3746 hactenus
3007 3681 3220 3746 obno-

771 3792 970 3870 xiam,
1008 3790 1231 3876 magis
1267 3790 1623 3876 magisque
1666 3789 2052 3858 devinctam
2096 3791 2490 3869 reddiderit,
2529 3804 2605 3858 ut
2646 3792 2969 3877 quamdiu
3015 3794 3217 3860 dura-

771 3920 915 3972 tura
947 3919 1076 3982 est,
1108 3927 1344 3992 preces
1371 3907 1457 3972 ad
1483 3907 1709 3973 Deum
1736 3929 1897 3973 suas
1930 3928 2068 3972 non
2105 3906 2314 3991 possit
2349 3929 2485 3973 non
2520 3909 2896 3988 effundere,
2929 3919 3070 3975 tum
3104 3932 3225 3995 pro

771 4021 1236 4088 incolumitate
1269 4033 1336 4088 et
1368 4023 1591 4090 salute
1623 4044 1860 4089 sacrae
1896 4021 2271 4090 Maiestatis
2309 4025 2622 4105 Vestrae,
2662 4036 2803 4090 tum
2851 4047 2973 4111 pro
3016 4025 3226 4091 felici·

775 4152 907 4204 tate
947 4159 1313 4223 regnorum
1350 4136 1563 4223 ipsius
1597 4138 1902 4203 omnium
1940 4140 1988 4205 ⁵.

878 4420 895 4448 ²
972 4413 1151 4484 Nihil,
1190 4413 1346 4486 quod
1377 4414 1466 4467 his
1502 4411 1716 4467 litteris
1754 4416 2086 4485 petebatur,
2116 4413 2446 4469 confectum
2479 4413 2660 4468 fuisse
2700 4431 2887 4485 usque
2911 4414 2985 4470 ad
3011 4432 3230 4471 annum

735 4500 755 4524 ⁴*
779 4520 791 4560 ῐ
807 4508 927 4576 55⁴0,
959 4509 1189 4558 constat
1215 4502 1472 4561 aliunde.
1504 4502 1736 4557 Interea
1767 4502 2035 4557 videatur
2062 4505 2424 4572 POLANCUS,
2460 4504 2707 4569 Chron„
2735 4503 2838 4575 111,
2867 4504 3119 4563 281-283.
