3634 5417
408 521 462 579 636
789 518 998 583 normann
1019 525 1198 581 [ommni

373 677 467 744 tione
487 676 683 763 nelspirito
703 677 792 745 della
812 697 876 744 sua
896 689 1030 754 mente..
1047 676 1087 745 Si
1108 679 1174 744 che
1193 676 1430 743 meritamente
1450 676 1482 743 ci
1506 675 1615 742 talle-

373 792 507 878 griamo
525 792 615 861 nella
631 792 749 859 diuina
764 792 894 861 maesti
910 792 946 859 di
963 803 1086 880 questo
1103 803 1205 860 santo
1221 791 1403 872 desiderio,
1423 792 1447 858 il
1463 792 1568 877 quale
1583 790 1616 857 si

364 912 451 976 'sara
472 922 676 977 conseruato
699 918 996 976 constantemente
1016 919 1052 977 et
1071 908 1283 974 inflammato
1302 928 1370 975 con
1393 907 1416 973 l’
1438 907 1615 993 oratio[ne

374 1024 420 1117 et]
445 1024 665 1091 essortationi
685 1024 720 1090 di
743 1024 859 1110 quelli,
888 1026 954 1093 che
976 1045 1062 1092 sono
1082 1020 1141 1110 pio
1163 1020 1329 1109 spirituali
1353 1034 1406 1089 tra
1426 1023 1511 1103 loro,
1538 1043 1614 1089 non

375 1138 495 1207 dubito
512 1141 577 1209 che
593 1140 652 1208 chi
669 1142 713 1207 ha
728 1142 809 1207 dato
826 1140 915 1209 uelle
927 1138 1023 1207 dabit
1034 1140 1200 1227 perficere
1212 1158 1273 1226 pro
1284 1139 1376 1205 bona
1387 1138 1574 1205 uoluntate
1584 1138 1613 1217 ⁴3

376 1268 411 1322 et
427 1250 497 1325 no'n
515 1258 592 1323 sara
608 1254 745 1325 difficile
761 1257 827 1324 alla
843 1276 906 1323 sua
922 1254 1167 1342 omnipotentia
1182 1276 1204 1321 o
1219 1256 1407 1341 prouedere
1421 1255 1466 1323 de
1481 1253 1616 1321 instro-

379 1372 487 1441 menti
504 1374 672 1452 altronde,
690 1393 712 1438 o
734 1372 784 1439 fra
803 1372 836 1441 le
853 1374 927 1441 RR.
947 1372 1025 1442 VV.
1040 1374 1201 1441 accettar'
1220 1370 1358 1456 qualch'
1376 1391 1446 1436 uno
1457 1391 1521 1457 per
1536 1369 1614 1436 ins-

375 1500 546 1555 tromento
563 1488 618 1556 del
634 1509 698 1554 suo
714 1486 868 1556 seruitio,

442 1604 584 1689 Quanto
602 1625 621 1668 a
638 1602 695 1669 noi
711 1613 746 1669 et
762 1604 794 1670 la
810 1601 1082 1689 congregatione
1098 1613 1214 1669 nostra
1231 1600 1384 1682 minima,
1397 1601 1418 1667 ὲ
1432 1612 1529 1668 certo
1545 1603 1615 1668 che

376 1738 436 1803 per
454 1717 477 1785 il
494 1729 653 1803 presente
674 1718 731 1803 pio
755 1717 925 1804 possiamo
945 1717 1078 1784 aiutare
1098 1715 1210 1801 questi
1233 1714 1338 1783 buoni
1358 1693 1517 1783 desiderii
1542 1736 1614 1783 con

375 1830 452 1899 altri
470 1833 570 1915 simili
586 1832 743 1901 auantiil
765 1830 884 1919 signor
908 1843 1028 1900 nostro
1045 1834 1130 1921 Jesn
1154 1832 1309 1913 Christo,
1331 1834 1398 1899 che
1417 1853 1483 1898 con
1503 1854 1614 1919 opera

373 1948 417 2015 de
435 1949 560 2015 alcuno
577 1948 656 2015 delli
674 1946 792 2031 nostri;
812 1948 940 2035 perche
959 1946 983 2013 li
1003 1946 1172 2015 sacerdoti
1193 1946 1228 2012 di
1250 1958 1371 2032 questa
1391 1946 1615 2033 Compagnia

372 2075 501 2145 nostra,
520 2064 615 2133 detta
631 2062 665 2129 di
677 2066 773 2152 Jesit,
793 2082 879 2129 sono
896 2073 992 2129 tanto
1008 2062 1166 2149 occupati
1182 2061 1216 2127 in
1234 2063 1338 2130 molte
1359 2061 1518 2147 imprese,
1538 2083 1613 2129 non

373 2176 451 2243 dico
466 2179 654 2246 solamente
671 2176 878 2265 importanti,
897 2198 953 2244 ma
968 2176 1072 2243 etiarn
1088 2160 1303 2262 obligatorie‚
1321 2174 1402 2243 nelli
1418 2175 1559 2261 collegii
1574 2186 1613 2242 et

373 2316 453 2363 ease
474 2297 540 2362 che
561 2294 591 2361 si
611 2295 764 2361 fundano
786 2292 822 2361 in
850 2294 955 2363 molte
972 2305 1062 2362 terre
1087 2293 1176 2359 delia
1198 2290 1424 2375 christianita,
1451 2301 1486 2359 et
1512 2292 1612 2360 uarie

376 2410 528 2479 missioni
545 2412 633 2478 della
648 2411 731 2478 sede
746 2407 933 2497 apostolica
950 2408 1000 2476 fra
1015 2406 1107 2476 fideli
1122 2421 1158 2475 et
1177 2406 1320 2489 infideli,
1338 2410 1404 2477 che
1419 2407 1466 2488 io,
1485 2429 1524 2475 se
1539 2406 1612 2474 ben

373 2526 420 2592 mi
438 2538 562 2593 truouo
579 2525 790 2613 paratissimo
807 2546 868 2611 per
883 2524 946 2591 far'
970 2524 1036 2593 alle
1056 2522 1190 2590 charita
1218 2534 1336 2592 uostre
1361 2522 1445 2610 ogni
1464 2521 1613 2592 seruitio

374 2641 431 2709 nel
446 2640 564 2728 signor
580 2653 698 2708 nostro
708 2642 793 2729 Jesii
810 2638 885 2721 X.⁰‚
910 2660 979 2705 non
1000 2640 1089 2707 uedo
1105 2638 1129 2704 il
1141 2639 1247 2705 modo
1263 2639 1306 2706 de
1328 2638 1469 2705 mandat
1488 2638 1547 2706 doi
1565 2640 1612 2705 ne

375 2752 444 2823 uno
460 2776 520 2845 per
536 2758 669 2837 adesso;
689 2777 765 2841 pur,
784 2755 921 2839 quando
941 2753 973 2821 ci
994 2754 1086 2820 fosse
1108 2754 1141 2820 la
1161 2753 1379 2835 commonita,
1404 2755 1426 2821 a
1448 2774 1503 2820 me
1517 2752 1612 2820 saria

375 2872 480 2938 molto
497 2885 610 2960 grato,
629 2893 731 2940 corne.
740 2874 788 2938 ho
801 2871 910 2953 detto,
926 2868 1057 2939 seruire
1068 2868 1134 2937 alle
1145 2868 1275 2937 charita
1289 2880 1406 2936 vostre
1416 2868 1453 2936 in
1465 2867 1611 2937 seruitio

376 2989 420 3057 de
436 2986 502 3055 Dio
518 2999 651 3055 creator
663 2998 697 3053 et
712 2986 831 3075 signor
847 3001 978 3056 nostro.

441 3102 508 3171 Cui
529 3126 660 3171 somma
680 3116 715 3171 et
735 3102 870 3170 infinita
890 3103 1022 3171 buontti
1041 3125 1062 3170 a
1083 3102 1164 3170 tutti
1184 3102 1337 3169 conceda
1362 3100 1474 3188 gratia
1496 3100 1610 3167 abon-

372 3220 478 3285 dante
494 3242 553 3307 per
570 3240 734 3287 conoscer
750 3240 885 3306 sempre
904 3239 946 3285 su
967 3228 1066 3287 santa
1088 3217 1243 3299 volonta,
1261 3228 1296 3285 et
1312 3216 1425 3303 quella
1440 3216 1609 3301 perfetta·

374 3346 489 3404 mente
506 3335 690 3421 adempire.

444 3452 498 3519 De
514 3452 624 3517 Roma
640 3452 660 3516 6
677 3450 711 3516 di
727 3450 879 3519 Febraio·
893 3465 989 3534 1553.

442 3566 615 3634 Hauendo
631 3566 750 3634 scritto
765 3566 813 3632 fin
830 3586 898 3651 qua
914 3586 934 3632 e
950 3564 1155 3651 aspettando
1177 3584 1238 3649 per
1257 3562 1314 3629 cui
1334 3561 1426 3628 mani
1446 3560 1608 3628 s’indriz·

376 3674 521 3751 zarebii'e
538 3694 659 3769 questa
675 3684 809 3763 lettera,
829 3683 875 3749 ho
891 3682 1047 3749 ricevuto
1062 3681 1094 3748 la
1111 3691 1162 3765 3.²
1177 3680 1233 3746 del
1253 3676 1607 3758 medessimotenore,

377 3797 442 3865 alla
458 3799 557 3883 quale
575 3820 643 3863 non
660 3782 815 3885 potendo'
824 3800 911 3865 altro
932 3796 1131 3883 rispondere
1150 3795 1185 3860 di
1206 3795 1320 3880 quello
1341 3796 1408 3863 che
1427 3796 1473 3860 ho
1493 3793 1605 3874 detto,

376 3934 436 3999 per
451 3913 572 3979 adesso
589 3935 658 3980 non
680 3912 724 3979 mi
745 3912 927 3981 estendero
948 3912 984 3979 in
1000 3913 1105 3991 altro,·>
1117 3913 1183 3979 che
1203 3910 1239 3976 in
1255 3930 1400 3996 pregare
1426 3910 1460 3975 la
1486 3920 1608 3978 eterna

375 4018 542 4115 sapientia
558 4030 654 4115 guidi
678 4030 710 4098 le
731 4018 803 4097 RR.
828 4028 906 4099 VV.
928 4049 949 4095 e
967 4026 990 4094 l’
1013 4027 1154 4114 impisca
1176 4027 1232 4094 del
1255 4047 1319 4092 suo
1346 4036 1448 4092 santo
1472 4025 1566 4092 lume
1585 4046 1608 4089 e

373 4144 518 4224 chariti,
537 4144 631 4212 aceio
644 4166 709 4211 eon
721 4144 803 4233 ogni
816 4145 1026 4232 perfectione
1038 4166 1186 4248 seruano
1197 4143 1233 4208 in
1245 4162 1283 4211 se
1294 4164 1314 4210 e
1327 4140 1362 4206 in
1375 4141 1479 4206 molte
1492 4139 1607 4206 anime

374 4260 441 4326 alla
456 4282 518 4328 sua
535 4259 651 4327 diuina
668 4262 808 4329 maesti.

429 4512 440 4543 ⁴
477 4508 523 4565 Cf.
539 4510 774 4579 AoPfflunll,
792 4508 834 4570 13.
866 4538 868 4544 2
