3634 5417
583 560 841 618 Eetsn.2303.-1
862 565 1014 634 Jtnunen
1034 575 1103 632 1552
1388 564 1424 633 53

223 712 296 785 ded
307 719 351 786 de
368 718 401 783 lo
417 715 431 755 ¹²
447 738 514 801 que
530 718 574 784 ha
590 718 634 783 de
650 737 820 803 propones
836 721 856 783 t
872 717 917 783 V.
937 718 998 796 A„
1021 738 1043 802 y
1059 717 1090 783 ie
1108 718 1152 783 de
1167 715 1299 790 credito
1316 740 1360 785 en
1378 720 1459 786 todo

226 854 328 899 como
344 839 365 898 ἐι
380 838 426 899 mi
443 854 586 901 mesmo.

296 950 327 1015 Y
344 954 406 1029 asi,
433 947 706 1017 remittiendome
722 955 742 1015 t
757 950 801 1027 el,
820 948 894 1015 stilo
914 946 987 1015 dire
1008 970 1075 1033 que
1091 954 1237 1035 ruegot
1254 950 1287 1014 la
1303 948 1420 1015 diuina
1435 973 1457 1037 y

228 1086 363 1134 summa
375 1064 514 1131 bondad
530 1070 550 1131 ά
566 1064 666 1130 ϊοὼε
681 1063 800 1148 quiere
816 1065 877 1130 dar
896 1086 938 1130 su
959 1064 1077 1151 gracia
1103 1062 1276 1149 cumplida
1291 1086 1457 1150 peraque

225 1202 269 1246 su
285 1180 460 1247 santisima
477 1180 642 1246 voluntad
657 1178 804 1265 siempre
826 1178 1003 1258 sintenes
1026 1202 1050 1264 y
1065 1180 1200 1263 aquella
1222 1191 1457 1248 enteramente

230 1295 519 1381 la¹cumplamos
1244 1297 1246 1300 ’
1437 1291 1441 1307 ’

297 1414 351 1479 De
366 1413 474 1479 Roma
491 1410 639 1497 primero
654 1412 698 1479 de
716 1409 851 1477 Enerni
873 1425 956 1495 1552
974 1408 1000 1474 ¹¹.

296 1532 348 1595 De
365 1531 409 1596 V.
428 1528 475 1593 A.
499 1529 679 1595 humilimo
695 1550 717 1613 y
735 1538 900 1613 perpetuo
921 1526 1035 1593 sieruo
1055 1527 1147 1594 enei
1170 1528 1281 1594 Senot
1303 1541 1458 1610 nuestrO,

1117 1643 1281 1711 lanicio.

297 1762 328 1825 A
346 1768 460 1848 tergo.
484 1761 572 1827 Para
587 1761 618 1825 ei
632 1782 691 1845 rey
708 1762 751 1827 de
769 1760 953 1846 Portugal.

298 1878 482 1961 Inscriptio
498 1876 702 1961 interempto
722 1874 824 1941 «cod.
849 1874 952 1948 Εόον,
973 1875 1024 1939 Ι».
1044 1875 1149 1942 Carta
1168 1896 1275 1959 queo
1301 1878 1339 1942 P.
1360 1876 1459 1961 Igna-

229 1990 285 2057 cio
307 2012 470 2059 escreueo
492 2012 534 2057 ao
561 1989 778 2059 serenissimo
800 2013 859 2076 rey
880 1991 924 2057 de
946 1988 1112 2075 Portugal
1133 1991 1201 2055 don
1220 1993 1306 2078 Joto
1329 1994 1393 2075 39,
1417 1994 1459 2059 de

232 2110 340 2174 Roma
356 2128 398 2173 ao
419 2105 468 2174 1.⁰
485 2107 528 2173 de
539 2106 679 2194 Janeiro
694 2105 738 2174 de
760 2121 857 2191 1552.
930 2150 933 2155 -

794 2280 899 2360 23⁰3

537 2418 678 2487 PATRI
709 2420 873 2488 SIMONI
906 2420 1161 2489 RODERICIO

643 2574 731 2619 nont
749 2575 760 2617 1
776 2574 923 2627 Jnsutnn
944 2574 1011 2631 1552
1032 2565 1051 2620 ¹.

268 2696 368 2753 Sociis
385 2697 417 2751 in
442 2714 537 2769 regno
563 2697 754 2773 Aragom'ae.
785 2696 942 2751 Valentiae
963 2702 991 2752 et
1015 2666 1219 2753 Catalauniae
1241 2700 1426 2772 degentibus,

441 2786 620 2841 Rodericr'us
629 2785 821 2858 praepositus
836 2784 1040 2856 provincialis
1055 2787 1261 2843 constituitur.

301 2920 457 3009 Ig'natius
474 2923 517 2987 de
534 2921 674 3006 Loyota‚
689 2920 872 2989 Societatis
888 2922 965 2987 lesu
983 2921 1197 3007 praepositus
1212 2922 1394 3008 generalis.

299 3037 434 3104 Dilecto
450 3036 485 3101 in
502 3038 592 3122 Xp0.
623 3034 719 3103 tratri
735 3033 838 3103 Mtro.
865 3033 999 3104 Simoni
1023 3036 1218 3118 Rodriguez
1245 3050 1272 3118 ⁸,
1295 3039 1462 3105 sacerdoti
1549 3054 1553 3060 ·

232 3152 387 3220 eiusdem
403 3150 601 3231 Societetis‚
620 3152 766 3217 salutem
782 3149 818 3216 in
834 3150 985 3217 Domino
1002 3151 1256 3238 sempiternam.
1309 3148 1317 3163 '

300 3270 402 3351 Cum,
421 3278 600 3336 crescente
612 3266 648 3333 in
664 3266 737 3335 dies
754 3287 897 3333 numero
919 3289 1050 3347 eorum,
1074 3268 1132 3353 qui
1150 3281 1306 3335 nostrum
1326 3269 1464 3337 institu-

235 3395 305 3451 tum
328 3394 533 3469 sequuntur,
557 3396 591 3451 et
611 3383 847 3469 collegiorum,
874 3403 962 3468 quae
985 3382 1020 3448 in
1040 3382 1143 3450 variis
1165 3384 1354 3469 Hispaniae
1380 3385 1464 3452 locis

232 3500 396 3569 Societati
418 3511 555 3567 nostrae
582 3498 734 3567 fidelium
762 3496 864 3585 erigit
891 3498 1050 3581 deuotis,
1080 3512 1215 3567 crescat
1235 3500 1336 3568 etiam
1360 3502 1464 3567 rebus

235 3615 352 3683 multis
379 3615 584 3703 prouidentii
601 3627 635 3683 et
656 3626 908 3700 consequenter
928 3614 1231 3683 administrationis
1251 3639 1356 3684 onera
1373 3617 1464 3683 diui·

233 3733 335 3800 dendi
358 3731 556 3810 necessitas,
577 3730 689 3799 uisum
711 3742 764 3797 est
783 3730 819 3799 in
840 3729 990 3796 Domino
1013 3731 1173 3817 expedire
1198 3743 1235 3798 ut
1252 3732 1306 3813 iis,
1324 3734 1383 3817 qui
1399 3735 1464 3799 sub

234 3858 371 3913 nostrae
388 3846 571 3915 Societatis
590 3846 785 3913 obedientia
807 3847 842 3911 in
864 3868 973 3931 regno
995 3846 1203 3932 Aragoniae,
1230 3849 1409 3916 Valentiae
1430 3862 1465 3915 et

234 3962 433 4030 Cataloniae
445 3972 539 4042 sunt,
554 3962 785 4048 praepositum
799 3961 1056 4047 prouincialem,
1071 3962 1128 4047 qui
1142 3984 1296 4031 seorsum
1307 3964 1356 4031 eis
1368 3986 1464 4050 prae·

288 4170 301 4209 t»
322 4167 411 4223 Deest
425 4164 458 4220 in
472 4165 601 4219 ‹t'Eborn›
639 4153 681 4206 ssi
703 4165 791 4219 Deest
809 4166 842 4219 in
857 4184 870 4217 n
882 4166 1000 4221 Virett.»
1040 4167 1080 4216 -i
1099 4165 1136 4221 de
1150 4167 1277 4222 additur
1292 4166 1324 4221 in
1338 4168 1464 4223 «iliberi

233 4262 262 4312 et
284 4255 427 4313 «virete»
465 4258 515 4297 --k
536 4255 623 4323 Quae
645 4258 816 4325 sequuntur
838 4255 996 4319 desumpta
1017 4260 1089 4308 sunt
1114 4274 1149 4309 ex
1171 4258 1349 4328 apographo
1371 4254 1463 4312 «Cod.

236 4346 324 4400 Ebor.
339 4344 382 4415 [ιη
396 4360 433 4399 ea
445 4345 538 4398 etiam
552 4342 700 4397 habentur
713 4344 746 4398 in
759 4344 894 4414 exempto
908 4341 1001 4402 «Cod.
1023 4343 1142 4400 Vitett.»

285 4538 299 4565 2
319 4522 417 4593 Super
436 4523 653 4593 praecedentia
676 4522 765 4576 verba
786 4522 935 4591 scriptum
952 4520 1022 4593 fuit
1039 4526 1068 4576 et
1087 4527 1191 4595 postea
1213 4523 1418 4582 obliteratum:
1434 4523 1464 4579 d.

236 4611 342 4683 Joenni
355 4610 507 4682 Baptistae
520 4609 557 4665 de
571 4611 686 4665 Barna.

238 4724 450 4737 -—-——-—·-⁵

290 4792 297 4825 ¹
337 4791 380 4845 Ex
394 4788 571 4861 apographo,
585 4788 614 4843 in
627 4788 729 4843 codice
746 4789 850 4843 Decret
863 4792 890 4843 et
905 4790 1007 4854 instr„
1021 4787 1072 4844 fot.
1086 4786 1153 4849 36v,
