3634 5417
583 503 687 558 Earsn.
708 515 860 572 2999.-27
880 498 1043 560 Ocroems
1065 513 1132 570 1552

799 711 904 792 2999

528 851 668 918 PATRI
693 851 961 919 PASCHASIO
986 836 1178 918 BROETO

625 1003 714 1048 noui
733 1004 767 1061 27
786 1003 944 1048 ocroanrs
965 1003 1033 1060 155²
1052 992 1072 1048 ¹.

230 1115 368 1170 Potestas
384 1117 534 1172 tribuitur
552 1133 655 1172 census
671 1121 699 1172 el
716 1133 920 1188 quoecumque
936 1116 1025 1184 borao,
1037 1097 1101 1171 tarn
1114 1115 1239 1172 mobilia
1251 1134 1343 1188 quom
1356 1119 1463 1173 immo·

283 1205 372 1272 bilia,
391 1204 570 1277 conficiendi
587 1208 628 1260 orl
641 1207 812 1278 parisiense
832 1205 989 1262 Secutum
1009 1205 1170 1279 collegium
1192 1207 1415 1262 instituendum
1437 1212 1469 1261 et

284 1295 464 1352 dotandum.
1101 1293 1106 1302 ’

837 1430 860 1518 i

298 1579 453 1666 Ignatius
468 1581 511 1648 de
527 1580 667 1666 Loyola,
687 1579 901 1667 praepositus
915 1579 1098 1650 Societatis
1108 1582 1191 1669 Jesv
1208 1579 1391 1667 generalis.

296 1695 505 1762 Charissimo
520 1696 555 1761 in
573 1695 709 1764 Christo
727 1696 820 1762 fratri
841 1698 1008 1783 magistro
1024 1695 1207 1762 Paschasio
1225 1697 1343 1778 Broet,
1363 1718 1462 1782 prae·

228 1809 342 1896 posito
359 1809 511 1878 eiusdem
524 1811 705 1880 Societatis
721 1811 756 1877 in
769 1811 993 1879 vniuersitate
1004 1809 1179 1896 parisiensi
1197 1832 1235 1878 ac
1249 1822 1320 1879 tota
1331 1809 1458 1893 Gallia,

227 1926 373 1994 salutem
389 1927 424 1992 in
440 1927 590 1995 Domino
604 1927 857 2013 sempiternam.

293 2043 381 2110 Cum
398 2064 441 2109 ex
457 2043 565 2130 primo
582 2043 654 2130 ipso
676 2055 812 2112 nostrae
829 2043 1013 2131 Societatis
1028 2043 1197 2122 institut0,
1215 2044 1311 2110 salua
1326 2041 1362 2108 in
1378 2063 1458 2130 pro-

226 2139 327 2224 fessis
353 2169 493 2226 exactae
521 2159 729 2245 paupertatis
757 2158 937 2245 religione,
965 2159 1111 2246 collegia
1137 2170 1251 2227 tamen
1278 2158 1460 2227 admittere

226 2272 414 2358 possimus,
433 2295 521 2360 quae
545 2274 697 2342 redditus
720 2296 760 2340 ac
784 2275 872 2340 bona
897 2273 1095 2359 temporalia
1118 2273 1153 2342 in
1178 2273 1402 2353 studentium,
1422 2284 1458 2342 et

224 2391 317 2456 nullo
339 2392 441 2456 modo
461 2389 496 2456 in
512 2392 684 2476 professae
701 2389 881 2459 Societatis
902 2411 1015 2470 vsum,
1040 2389 1172 2476 possint
1195 2388 1364 2458 conuerti:
1391 2411 1458 2456 nos

224 2504 285 2572 tibi
302 2507 355 2592 (de
371 2505 471 2592 cujus
486 2506 679 2592 prudentia,
694 2528 782 2591 quae
797 2516 850 2574 est
865 2505 900 2572 in
917 2508 1008 2593 Xpo.
1024 2507 1121 2594 Jesu,
1135 2527 1175 2572 ac
1189 2504 1357 2591 probitate
1368 2526 1454 2572 con·

222 2620 378 2700 fidenteS,
393 2641 510 2688 curam
528 2632 721 2688 nostrorum
737 2621 874 2688 Parisiis
890 2635 994 2706 atque
1009 2623 1096 2690 adeo
1113 2621 1148 2688 in
1165 2621 1326 2690 uniuersa
1340 2621 1456 2689 Gallia
1535 2659 1538 2664 -

219 2735 475 2822 commisimus),
494 2737 663 2821 quoslibet
679 2737 831 2804 redditus
848 2759 888 2804 ac
904 2736 994 2804 bona
1010 2736 1148 2804 mobilia
1163 2748 1198 2802 et
1210 2736 1397 2805 immobilia
1408 2738 1453 2804 ad

220 2849 441 2933 erectionem,
466 2852 675 2919 dotationem
703 2865 737 2922 et
761 2853 1035 2938 qualemcunque
1066 2842 1300 2918 commodum'
1314 2853 1453 2940 collegii

221 2965 360 3033 Parisiis
373 2967 576 3036 conficiendi
589 2969 784 3034 facultatem
797 2940 1018 3048 conlerimus3
1033 2979 1136 3054 teque
1147 2967 1183 3033 in
1196 2978 1452 3053 procuratorem
1498 3015 1502 3029 .

218 3091 374 3149 nostrum
389 3082 433 3148 ad
450 3104 490 3150 ea
506 3082 631 3162 omnia,
650 3103 750 3167 quae,
769 3081 797 3148 si
812 3096 1012 3169 praesentes
1027 3103 1193 3162 essemus,
1208 3104 1268 3168 per
1279 3103 1342 3149 nos
1356 3082 1450 3169 ipsos

219 3197 331 3266 facere
358 3219 547 3284 possemus,
577 3197 612 3264 in
641 3197 776 3265 nomine
804 3197 916 3266 Patris
944 3209 979 3266 et
1006 3196 1081 3264 Filii
1106 3210 1141 3264 et
1165 3196 1314 3284 Spiritus
1337 3198 1450 3264 sancti

216 3313 472 3396 constituimus;
490 3324 525 3383 et
545 3324 683 3400 gratum
701 3333 741 3380 ac
759 3323 869 3380 ratum
886 3312 1053 3400 quidquid
1067 3311 1181 3400 egeris
1197 3335 1260 3380 nos
1275 3324 1311 3382 et
1326 3312 1449 3381 Socie-

218 3437 322 3497 tatem
339 3450 475 3498 omnem
493 3427 603 3516 (cuius
618 3428 860 3498 authoritatem
876 3429 1086 3515 exequimur)
1103 3426 1295 3494 habituram
1308 3450 1369 3513 per
1385 3429 1450 3494 has

216 3557 412 3629 praesentes
427 3544 569 3625 litteras,
588 3565 692 3614 manu
709 3556 824 3611 nostra
839 3541 1073 3634 [subscriptas]
1089 3555 1123 3612 et
1136 3542 1250 3630 sigillo
1262 3543 1450 3612 Societatis
1543 3578 1545 3583 ·

215 3660 376 3742 munitas,
396 3671 607 3729 attestamur.

282 3777 423 3859 Rornae,
433 3777 467 3842 in
481 3776 623 3845 aedibus
636 3775 922 3865 SocietatisJesu,
933 3777 955 3842 6
967 3776 1110 3843 Calend.
1126 3774 1335 3842 Nouembris
1347 3789 1447 3857 1552..

1078 3892 1266 3958 lenimus,

280 4007 394 4074 Locus
409 4005 512 4094 sigilli
527 4007 563 4073 in
579 4029 659 4076 cera
674 4007 776 4073 rubra
792 4019 816 4072 ⁸.

278 4123 525 4190 Annolalionus
540 4124 663 4190 codicis
682 4123 880 4192 Vilellosclzi.
897 4117 1058 4191 Fideliter
1069 4145 1112 4190 ex
1124 4124 1338 4209 autographo
1354 4122 1443 4207 ipso,

209 4238 303 4321 quod
319 4239 466 4310 habetur
482 4238 516 4305 in
533 4239 681 4326 collegio
693 4237 941 4326 petrocorensi.

211 4375 411 4388 *a

261 4457 275 4485 ι
310 4443 395 4499 Ham
407 4443 634 4500 animaduersio
647 4449 744 4500 exstat
755 4445 848 4501 etiam
863 4445 896 4500 in
909 4462 965 4498 ms.

210 4567 408 4580 *-

191 4611 198 4628 ⁸
262 4634 270 4664 ¹
308 4631 352 4686 Ex
365 4633 543 4704 apographo,
558 4632 588 4686 in
605 4629 675 4687 Cod.
698 4631 810 4696 Viuit,
824 4643 840 4686 2
853 4630 898 4704 ft,
912 4633 1005 4687 altero
1018 4649 1102 4704 puro,
1116 4651 1145 4688 n.
1163 4645 1224 4702 172,
1239 4632 1359 4704 priusn.
1377 4643 1442 4701 105,

204 4719 312 4776 Exstat
325 4719 389 4792 ejus
403 4721 593 4778 summarium
607 4721 636 4778 in
650 4720 751 4776 codice
766 4721 883 4794 Regast.
898 4722 925 4790 I,
938 4721 986 4778 iol.
1004 4719 1086 4790 143v,
1101 4737 1178 4777 vers.
1192 4719 1223 4775 31
1240 4729 1271 4776 et
1283 4717 1329 4780 32.
