3634 5417
624 541 728 598 Enisa.
750 538 882 595 abib-1
905 541 1080 611 Juuu1552
1376 539 1429 610 253

230 693 372 778 quidem
389 693 601 783 paupertatis
622 705 771 774 nostrae,
788 694 881 778 quod
898 713 962 760 nec
983 691 1135 778 cogitare
1155 694 1282 759 bonum
1301 704 1463 779 tanquam

234 831 277 877 ex
294 810 394 876 nobis
411 811 600 891 ualeamus;
620 809 738 878 verum
757 831 818 896 pro
835 831 995 876 mensura
1018 807 1213 875 donationis
1234 811 1310 876 lesu
1334 811 1427 896 Xpi,
1444 835 1465 879 a

232 949 304 1012 quo
319 925 431 993 omnis
447 938 579 1007 nostra,
594 926 898 1012 quantulacunque
911 923 1128 1004 sufficientia,
1142 938 1207 1005 est,
1220 925 1370 992 debitam
1384 930 1464 993 cha·

234 1042 326 1110 ritati
354 1054 488 1110 uestrae
509 1041 618 1110 vicem
647 1043 834 1128 rependere
856 1042 982 1109 affectu
1002 1041 1197 1126 effectuque
1215 1040 1377 1126 peculiari
1401 1062 1465 1108 cu·

234 1158 380 1244 pientes
399 1157 550 1225 omnium
574 1171 609 1226 et
629 1157 843 1244 singulorum
860 1157 1031 1222 bonmum
1041 1154 1281 1241 spiritualium,
1299 1177 1389 1242 quae
1405 1179 1467 1243 per

233 1272 372 1341 diuinae
394 1272 555 1340 bonitatis
576 1271 721 1360 gratiam
742 1273 776 1338 in
799 1275 864 1338 hac
890 1285 1008 1338 nostra
1028 1270 1206 1340 Societate·
1222 1271 1382 1357 priuatim
1405 1287 1467 1342 aut

236 1387 373 1474 publice
388 1399 424 1456 et
439 1390 483 1454 ad
498 1388 668 1475 propriam
686 1388 956 1472 vniuscuiusque
980 1399 1146 1466 nostrum,
1166 1388 1218 1453 vel
1243 1387 1286 1454 ad
1310 1408 1466 1454 commu-

228 1525 314 1573 nem
330 1503 561 1590 proximorum
576 1505 755 1574 vtilitatem
778 1503 898 1571 indies
912 1504 1012 1583 fiunt,
1030 1502 1202 1586 videlicet,
1222 1525 1375 1590 precum,
1393 1506 1467 1571 suf·

235 1618 435 1706 fragiorum,
454 1619 726 1698 meditationum,
745 1619 937 1697 missarum,
957 1616 1248 1705 praedicationum
1276 1617 1372 1686 verbi
1387 1620 1466 1700 Dei,

235 1755 408 1802 sacrarum
424 1735 621 1816 lectionum,
636 1734 901 1802 ministeriorum
913 1734 1223 1814 sacramentalium,
1238 1734 1469 1819 quorumlibet

237 1849 487 1917 misericordiae
503 1872 657 1937 operum,
671 1848 892 1935 jeiuniorum,
916 1827 1239 1936 peregrinationum¹
1258 1861 1467 1930 sanctarum,

236 1987 277 2033 ac
296 1977 469 2052 postremo
484 1987 767 2052 quarumcunque
792 1965 936 2052 piarum,
955 1958 1036 2032 tum'
1052 1965 1186 2033 animae
1205 1975 1278 2032 tum
1302 1965 1468 2051 corporiS,

235 2081 521 2150 exercitationum
550 2080 758 2168 singularem
786 2080 886 2147 vobis
913 2079 1256 2150 communicationem
1280 2103 1322 2146 ex
1351 2079 1471 2148 intima

236 2196 351 2264 cordis
367 2197 551 2266 affectione
561 2197 802 2284 impendimus3
821 2197 991 2284 simulque
1007 2188 1119 2264 Deum
1136 2209 1172 2265 et
1189 2207 1318 2282 patrem
1340 2197 1470 2264 domini

236 2312 344 2380 nostri
360 2316 443 2402 Jesu
465 2312 518 2382 X}
538 2313 708 2400 supplices
729 2314 967 2392 obsecramus,
990 2323 1027 2378 vt
1043 2313 1087 2381 de
1109 2312 1315 2381 inexhausto
1332 2313 1471 2382 merito·

236 2450 312 2495 rum
330 2428 404 2496 Filii
420 2428 473 2496 sui
489 2429 697 2496 dilectissimi
722 2430 897 2508 theseum,
917 2439 1110 2495 nostrorum
1131 2427 1283 2513 inopiam
1305 2428 1471 2514 supplens

236 2556 342 2630 atque
357 2544 481 2622 ditans,
499 2553 702 2612 cunctorum
725 2544 980 2630 obsequiorum,
998 2566 1086 2628 quae
1107 2543 1141 2609 in
1159 2544 1278 2611 eadem
1295 2542 1469 2611 Societate

237 2658 302 2746 ipsi
320 2681 380 2746 pro
396 2681 458 2726 sua
474 2659 687 2746 benignitate
704 2661 906 2747 placuerunt
922 2661 1089 2728 hactenus
1105 2671 1141 2724 et
1157 2658 1190 2723 in
1207 2670 1382 2745 posterum
1400 2660 1471 2744 pla·

238 2775 379 2857 cebunt,
397 2797 471 2856 vos,
489 2777 591 2862 plene
610 2775 793 2863 participes
809 2775 957 2850 effectos
977 2773 1179 2860 gratiaeque
1199 2773 1312 2841 omnis
1332 2775 1473 2843 benedi-

237 2889 352 2960 ctione
377 2889 412 2958 in
433 2893 499 2960 hac
529 2891 598 2958 vita
624 2902 761 2972 auctos,
786 2901 943 2958 aeternae
968 2891 1104 2958 tandem
1125 2889 1255 2976 gloriae
1276 2902 1473 2959 remuneret

237 3027 377 3073 corona.
398 3007 523 3074 Amen.

307 3125 434 3190 Datum
452 3124 581 3190 Romae
597 3121 684 3210 [sid.

1106 3238 1292 3304 Iouernis.

311 3354 431 3420 blasto!
447 3353 604 3441 sigillum
623 3373 792 3440 magnum
810 3351 996 3418 Societotis.

814 3550 906 3632 2618

633 3693 798 3760 comm
822 3693 884 3759 na
909 3692 1085 3759 Mauro

694 3847 781 3890 noun
798 3847 808 3887 1
829 3845 907 3901 Junu
925 3847 993 3902 ¹552
1006 3833 1027 3890 ¹.

351 3971 489 4044 Epistola
502 3968 645 4044 officiosa.
654 3933 983 4024 -Exercitiorum'duo
996 3967 1184 4039 exemplaria
1195 3968 1369 4022 mittuntur.

314 4106 498 4195 [Madrido
519 4105 732 4190 Cortel-a.
756 4104 861 4170 Altra
879 4103 1024 4190 [lettera]
1044 4103 1261 4169 dePolanco
1283 4123 1343 4188 per
1364 4101 1386 4168 il
1407 4124 1477 4171 me·

245 4223 377 4293 desimo
393 4219 507 4310 {conte
523 4220 557 4286 di
575 4220 720 4306 Melito],
739 4219 902 4286 officiosa.

300 4500 308 4534 ¹
346 4501 391 4554 Ex
404 4497 508 4556 codice
524 4497 639 4569 Regert.
657 4494 749 4568 1,f01.
771 4497 838 4566 oov,
858 4512 937 4551 vers.
960 4509 1010 4565 45.
1036 4495 1211 4568 Scriptionis
1228 4505 1345 4568 tempus
1366 4495 1479 4552 eruitur

245 4607 283 4646 ex
297 4587 432 4662 epistolis
452 4585 584 4660 proxime
604 4584 860 4657 antecedentibus,
882 4586 992 4641 etenim
1012 4586 1084 4640 haec
1103 4586 1228 4657 epistola
1240 4585 1350 4657 scripta
1361 4584 1479 4640 videtur

246 4677 349 4736 eodem
369 4686 502 4750 tempore
521 4673 650 4730 aeduae
670 4675 847 4746 superiores.
868 4673 944 4729 Vide
964 4673 1107 4745 epistolae
1127 4675 1198 4731 2616
1216 4674 1422 4744 summarium,
1442 4674 1478 4729 ad

245 4769 358 4824 calcem
371 4767 451 4826 illius
461 4765 600 4838 positum.
1078 4769 1082 4774 ·
