3634 5417
564 516 670 574 Errsr.
690 515 824 573 anah-1
846 518 1032 577 Dscsusnrs
1054 530 1119 588 1551
1391 530 1420 571 11

221 669 247 734 11
270 680 388 738 stesso
410 668 570 757 collegio,
594 670 617 737 il
638 672 739 756 quale
760 670 882 741 assiste
910 682 945 740 et
967 670 1059 740 tiene
1077 671 1114 737 in
1135 670 1256 739 timore
1270 669 1294 735 li
1315 669 1401 756 puti;
1424 680 1460 738 et

221 786 374 852 secondo
390 788 456 855 che
471 786 495 851 li
510 788 529 854 ὲ
545 786 701 853 ordinato
716 789 772 854 dal
789 799 930 869 mastro,
948 787 972 853 li
989 785 1146 873 punisse,
1163 788 1299 855 benche
1315 786 1344 851 si
1360 786 1458 852 vsail

220 903 340 971 batere
355 903 542 971 solamente
562 904 700 991 quando
722 906 808 971 altro
832 926 900 970 non
922 906 1033 985 basta;
1052 914 1087 971 et
1103 906 1132 970 s'
1153 902 1177 969 il
1199 902 1321 989 punire
1349 904 1460 968 anche

222 1039 293 1083 non
310 1016 419 1099 basta,
437 1018 466 1083 si
482 1018 526 1085 di
542 1018 714 1087 licentiae
735 1020 758 1086 li
775 1018 1014 1119 incorrigibili.

291 1134 344 1217 5.⁰
390 1134 530 1219 Quanto
546 1136 611 1201 alla
627 1136 796 1216 doctrina,
815 1134 851 1202 in
863 1135 966 1203 classi
977 1157 999 1202 o
1010 1135 1129 1204 schole
1140 1133 1290 1215 diuerse,
1304 1134 1459 1222 secondo

222 1251 256 1315 la
272 1248 436 1335 capaciti,
455 1248 484 1316 si
500 1249 693 1337 insegnano
708 1251 820 1321 littere
836 1252 880 1317 de
896 1250 1086 1331 humaniti,
1103 1249 1216 1325 ,latine
1234 1261 1270 1317 et
1286 1268 1404 1335 grece,
1423 1259 1459 1315 et

222 1364 326 1431 etiam
343 1365 517 1446 hebraice,
535 1387 596 1453 per
612 1366 717 1451 quelli
733 1368 800 1435 che
815 1388 902 1433 sono
918 1366 1047 1453 capaci.
1072 1366 1116 1432 Et
1132 1366 1270 1451 quando
1286 1363 1368 1431 fossi
1390 1386 1456 1429 nu-

224 1501 317 1545 mero
332 1480 561 1549 conueniente
577 1482 620 1549 de
637 1502 782 1569 persone
798 1481 857 1567 gia
878 1482 981 1549 docte
999 1466 1035 1547 in
1058 1492 1180 1567 queste
1195 1480 1321 1560 littere,
1348 1490 1383 1545 et
1407 1479 1457 1544 al·

223 1606 323 1661 trone
344 1618 412 1661 non
430 1595 516 1679 ,fossi
537 1595 707 1663 comoditti
728 1597 763 1663 di
791 1598 945 1665 studiare
972 1595 1088 1683 logica
1111 1608 1146 1665 et
1173 1594 1401 1682 philosophia,
1426 1595 1458 1660 la

225 1711 440 1799 Compagnia
457 1712 608 1798 prouede
628 1712 818 1792 delectori,
838 1714 906 1781 che
923 1712 1037 1781 facino
1053 1712 1076 1778 il
1100 1733 1199 1779 corso
1220 1711 1310 1779 delle
1327 1710 1404 1789 arti,
1423 1719 1458 1776 et

223 1826 423 1895 finalmente
435 1826 526 1895 della
542 1828 728 1913 theologia,
748 1828 780 1895 al
796 1828 898 1895 modo
914 1830 958 1895 de
977 1826 1096 1894 Par-isi.
1118 1829 1161 1893 Et
1177 1848 1247 1893 non
1269 1826 1460 1893 solamente

223 1940 254 2006 si
270 1942 396 2027 legono
413 1940 562 2021 lectioni,
582 1964 638 2008 ma
650 1942 679 2008 si
696 1943 874 2009 sanotutti
891 1943 1071 2011 essercitar
1087 1941 1123 2009 in
1144 1940 1407 2027 compositione,
1422 1949 1458 2005 et

222 2055 418 2143 dispute,et
431 2057 603 2125 collationi
618 2058 722 2141 varie,
737 2057 830 2145 quali
843 2059 995 2145 giouano
1007 2060 1067 2145 pio
1079 2060 1171 2125 torsa
1182 2061 1249 2125 che
1258 2059 1290 2125 le
1302 2056 1455 2125 lectioni.

289 2156 336 2237 ¹In
354 2179 479 2259 quarta
490 2176 629 2261 pagina
645 2175 761 2240 eadem
780 2197 888 2240 mauu
905 2177 1055 2240 iteratur
1071 2175 1204 2241 titulus.
1223 2174 1288 2241 Del
1303 2174 1403 2239 modo
1415 2172 1460 2240 de

232 2288 418 2373 procedere
433 2287 514 2357 delli
534 2288 683 2375 collegii.

793 2491 898 2571 2228

544 2638 683 2705 PATRI
707 2638 869 2707 SIMONI
892 2638 1149 2706 RODERIClO

624 2790 711 2835 sorra
733 2792 743 2835 1
764 2792 946 2840 necationis
965 2793 1030 2851 1551
1048 2784 1068 2837 ¹.

229 2907 467 2966 Instructionem
480 2912 516 2967 de
526 2912 663 2985 collegiis
675 2912 871 2970 instituendis
884 2914 1025 2987 [gnatius
1038 2916 1325 2973 mittit-Decernit
1338 2920 1370 2971 ut
1384 2915 1460 2970 Cou-

281 2998 396 3055 salvius
408 3006 437 3055 et
452 3000 563 3055 Grana
577 3001 799 3073 professionem
817 3004 950 3072 faciam,
967 3006 1150 3076 (1333331333
1168 3003 1379 3078 quadraginta
1397 3006 1462 3059 dies

282 3087 465 3145 christianae
478 3092 637 3147 doctrinae
650 3092 807 3151 elementa.

838 3237 855 3289 †

804 3294 879 3378 Jhs.

298 3448 347 3513 La
363 3468 497 3514 summa
512 3448 629 3534 gracia
645 3472 668 3534 y
683 3470 778 3517 amor
794 3462 915 3519 eterno
930 3454 974 3520 de
991 3452 1056 3519 X.⁰
1074 3455 1119 3522 N.
1145 3455 1183 3522 S.
1209 3454 1291 3543 se[a]
1313 3454 1462 3540 siempre

229 3583 273 3627 en
291 3576 432 3629 nuestro
448 3565 547 3630 fauor
562 3586 584 3649 y
600 3565 726 3650 ayuda.
1191 3547 1196 3555 ¹
1459 3582 1463 3587 ’

297 3677 586 3748 Remittiindome
609 3702 653 3748 en
682 3692 773 3749 otras
794 3704 892 3749 cosas
914 3690 934 3750 a
955 3686 1057 3753 Mtro.
1083 3686 1248 3767 Polanco,
1272 3688 1462 3755 solamente

228 3794 303 3861 dire
318 3795 363 3862 de
378 3796 441 3861 dos
457 3816 501 3861 en
517 3795 550 3861 la
566 3809 737 3882 presente.
758 3800 835 3866 Vna
850 3820 899 3879 es,
918 3820 987 3886 que
1002 3822 1041 3866 os
1056 3804 1149 3888 hago
1169 3802 1292 3887 ynbiar
1309 3805 1342 3868 la
1363 3803 1461 3889 copia

229 3911 273 3976 de
290 3932 358 3977 vna
373 3912 459 3979 letra
475 3933 557 3997 para
573 3913 605 3980 el
620 3912 682 3983 Dr.
701 3916 815 3981 Araoz
833 3918 857 3997 ²,
876 3917 990 3983 donde
1002 3938 1040 3983 se
1053 3917 1165 3985 scriue
1177 3918 1233 3985 del
1244 3921 1346 3984 modo
1357 3940 1381 4005 y
1392 3919 1461 3985 vti-

230 4024 361 4093 lidades
377 4048 445 4113 que
461 4034 523 4095 aea
539 4028 707 4096 hallamos
722 4052 766 4097 en
782 4032 833 4097 los
849 4031 1016 4119 collegios
1031 4034 1075 4101 de
1091 4032 1208 4102 Sicilia
1224 4034 1365 4119 yltalia,
1380 4057 1462 4120 para

230 4163 299 4227 que
315 4141 441 4230 mireys
456 4144 484 4211 si
506 4165 549 4212 en
567 4147 679 4213 Ebora
699 4168 721 4233 y
743 4168 785 4213 33
808 4148 971 4230 Lisbona,
990 4155 1012 4215 ό
1031 4170 1075 4215 33
1096 4161 1191 4217 otras
1210 4162 1324 4237 partes
1344 4152 1463 4219 deese

229 4280 350 4343 reyno,
376 4266 465 4326 seria
488 4260 568 4329 bien
593 4284 630 4329 se
653 4262 873 4332 introduxese
897 4266 930 4331 el
953 4288 1083 4333 mesmo
1104 4262 1214 4333 modo'
1228 4252 1271 4335 de
1295 4269 1460 4352 proceder

285 4472 293 4507 ¹
331 4475 376 4529 Ex
393 4474 571 4531 adversariis
588 4478 779 4551 autographis
797 4478 830 4535 P.
851 4479 983 4552 Polanci‚
1001 4480 1031 4535 in
1049 4480 1150 4537 codice
1163 4481 1262 4554 Epist.
1282 4482 1410 4537 Polanci
1427 4500 1464 4537 ex

229 4578 350 4630 comm„
368 4580 397 4643 11.
419 4576 486 4635 195,
505 4564 587 4636 prius
607 4578 674 4638 193,
693 4566 781 4623 33133
798 4566 879 4624 folio.
898 4568 970 4640 Ejus
987 4569 1177 4625 summarium
1195 4578 1294 4626 exstat
1312 4571 1342 4625 in
1359 4570 1464 4626 codice

230 4652 350 4723 Regest,
364 4652 391 4718 1,
406 4651 454 4710 fol.
470 4664 536 4726 57v,
551 4672 629 4712 vers.
644 4654 680 4710 33
693 4664 723 4713 et
737 4654 785 4727 34.

283 4744 295 4776 ²
333 4740 409 4799 Vide
423 4744 578 4816 epistolam
592 4746 673 4804 2226.
