3634 5417
396 499 451 570 364
777 502 985 557 Monuni-:nra
1007 497 1184 556 tenerrimi

429 653 567 722 Resciui
584 666 723 722 vuestra
740 655 826 723 letra
841 655 884 722 de
905 672 946 740 25
963 656 1007 722 de
1023 655 1120 722 Abril
1138 657 1164 736 ²,
1182 677 1205 740 y
1222 677 1285 741 por
1304 656 1370 722 ella
1391 677 1453 722 reo
1473 675 1542 739 que
1558 676 1598 722 se

360 791 400 835 os
417 771 504 837 haze
520 771 600 856 algo
616 771 702 836 duro
718 781 732 808 ⁸
749 783 845 836 tener
861 792 970 858 cargo
987 771 1031 836 de
1047 773 1078 836 la
1095 769 1306 836 conscientia
1318 771 1373 836 del
1390 769 1554 856 principe,
1574 792 1597 854 y

363 886 491 950 mucho
507 892 581 951 mas
596 885 639 954 de
661 887 693 951 la
715 886 771 952 del
791 908 863 971 rey,
886 859 1056 973 elegendo
1078 887 1109 951 la
1133 907 1221 972 poca
1240 887 1327 952 edad
1347 909 1370 970 y
1392 883 1599 971 esperientia

361 1013 513 1081 vuestra,
535 1024 559 1086 y
580 1002 613 1069 la
634 1001 789 1069 molestia
810 1003 853 1068 de
874 1002 1038 1088 negocios
1061 1023 1127 1086 que
1151 1002 1268 1068 suelen
1294 1021 1414 1086 cargar
1438 1003 1539 1067 sobre
1564 1001 1599 1067 el

361 1119 551 1196 consessor,
569 1139 592 1201 y
608 1126 700 1182 otras
715 1137 821 1184 cosas.
840 1118 871 1182 Y
888 1138 1038 1201 aunque‚
1057 1117 1176 1196 ciert0,
1200 1139 1255 1184 me
1277 1117 1321 1182 da
1345 1116 1539 1184 edificatidn
1563 1118 1599 1181 lo

362 1254 431 1320 que
446 1239 554 1301 sentis
569 1233 613 1300 de
630 1244 768 1301 vuestra
785 1253 943 1318 persona,
962 1255 985 1317 y
1001 1235 1034 1298 lo
1058 1254 1125 1316 que
1149 1235 1286 1333 rehuys·
1299 1255 1358 1300 ese
1386 1253 1502 1318 eergo,
1530 1253 1594 1317 por

364 1350 398 1414 lo
415 1369 482 1432 que
499 1350 645 1434 algunos
660 1349 779 1416 suelen
796 1345 811 1387 ¹³
827 1371 872 1415 en
888 1348 921 1415 el
937 1347 1065 1413 mundo
1082 1347 1246 1428 deserina,
1265 1347 1401 1414 todavia
1422 1369 1466 1434 yo
1484 1347 1598 1413 siento

363 1484 409 1529 en
424 1463 582 1531 elSenor
598 1475 739 1531 nuestro
757 1485 824 1547 que
848 1464 978 1548 debeys
997 1465 1099 1528 hazer
1120 1463 1154 1528 lo
1177 1484 1243 1547 que
1259 1463 1296 1531 S.
1316 1465 1362 1531 A.
1381 1485 1420 1528 os
1437 1463 1598 1530 mandare

363 1603 409 1648 en
426 1591 500 1647 esta
518 1591 626 1664 parte,
650 1599 749 1652 como
771 1601 815 1646 en
836 1578 1036 1663 qualquiera
1058 1590 1132 1643 otra
1153 1600 1233 1646 cosa
1257 1579 1420 1644 debemos
1442 1579 1552 1658 todos,
1578 1585 1597 1644 a

363 1695 476 1780 gloria
502 1697 545 1761 de
573 1695 658 1761 Dios
685 1697 729 1761 N.
760 1693 1051 1775 S.,0bedezer1e.
1076 1695 1106 1760 Y
1131 1696 1254 1780 sperad
1275 1716 1319 1760 en
1340 1696 1371 1761 el
1396 1717 1463 1781 que
1486 1715 1552 1780 vey
1574 1715 1597 1780 y

368 1811 478 1896 puede
495 1822 554 1877 tan
572 1811 766 1878 facilmente
782 1810 889 1895 suplir
905 1811 987 1876 todo
1011 1812 1158 1894 aquello,
1182 1834 1223 1877 en
1245 1833 1313 1894 que
1333 1832 1373 1876 os
1395 1831 1517 1896 pareze
1538 1811 1595 1874 lal-

366 1934 455 2012 tayS,
474 1949 541 2012 que
556 1928 591 1994 lo
606 1928 744 2024 suplira.
765 1928 796 1993 Y
813 1947 899 2012 pues
910 1926 949 1992 -lo
966 1947 1034 2010 que
1051 1936 1128 1993 toea
1144 1928 1176 1993 al
1201 1926 1312 1994 anima
1336 1928 1392 1995 del
1413 1949 1472 2011 rey
1495 1949 1540 1992 no
1560 1948 1595 1992 es

364 2063 450 2109 cosa
465 2064 532 2127 que
550 2065 590 2109 os
606 2043 694 2109 deba
709 2065 851 2130 parezer
866 2047 992 2131 pesada
1010 2044 1140 2130 (siendo
1157 2053 1213 2108 tan
1228 2044 1341 2109 buenn
1356 2056 1488 2129 ysanto
1500 2063 1596 2109 como

365 2157 501 2237 serium,
516 2181 539 2242 y
555 2179 655 2224 como
672 2165 734 2226 act
750 2182 814 2227 nos
829 2159 1075 2247 persuadimos)
1092 2161 1177 2238 ⁰‚no
1195 2164 1314 2244 teneys
1330 2181 1394 2225 eon
1408 2163 1476 2242 que
1492 2179 1531 2226 os
1546 2180 1596 2226 es·

371 2279 568 2290 ψ...-

418 2360 433 2386 ²
471 2344 560 2399 Deest
572 2345 625 2398 hoc
637 2345 759 2400 verbum
777 2347 810 2399 in
824 2346 949 2400 «alteru.
989 2347 1039 2388 -b
1058 2345 1161 2399 suelen
1179 2343 1405 2414 algunosnlter.
1444 2357 1492 2385 -0
1513 2344 1599 2398 Deest

367 2434 491 2505 signum
502 2435 644 2504 parentia.
663 2434 697 2488 in
715 2434 840 2489 (roliers.

370 2541 568 2549 m...-

366 2586 511 2655 graphum
525 2584 675 2657 aliquanto
687 2584 884 2654 decurtatum,
898 2585 976 2658 quod
987 2595 1147 2658 sequentes
1157 2587 1246 2640 habet
1256 2583 1469 2643 annotationes.
1485 2583 1520 2639 ln
1530 2601 1599 2638 mar·

365 2673 449 2743 gine:
465 2675 629 2746 «Excerpta
642 2681 688 2729 est
701 2692 739 2728 ex
752 2673 868 2728 scriniis
877 2675 1003 2730 Comitis
1013 2673 1050 2729 da
1062 2676 1157 2746 Feira‚
1169 2685 1198 2730 et
1209 2682 1311 2746 postea
1325 2673 1440 2730 transiit
1450 2672 1487 2726 ad
1499 2689 1599 2727 manus

370 2762 406 2816 R.
421 2763 459 2821 D.
474 2763 674 2818 Emmanuelis
686 2761 806 2818 Pereira
818 2762 856 2817 da
869 2761 961 2834 Sylva
977 2763 1058 2832 Leal,
1072 2764 1122 2835 qul
1135 2763 1212 2818 circa
1221 2763 1311 2817 finem
1321 2763 1390 2818 anni
1406 2759 1474 2829 1732
1487 2778 1551 2815 eam
1564 2761 1598 2814 ad

371 2867 425 2906 nos
438 2850 519 2907 misit
531 2851 711 2924 Ulyssipone
723 2852 801 2906 circa
817 2850 908 2906 finem
922 2852 1033 2906 mensis
1051 2853 1255 2910 Decembris.»
1269 2851 1331 2906 Sub
1344 2851 1432 2906 finem
1447 2850 1597 2922 epistolae:

369 2940 476 2996 «Certe
490 2944 565 3001 letre
577 2941 614 2996 de
628 2941 660 3001 S.
675 2942 782 3012 lgnace
797 2941 851 2995 m’a
863 2943 914 2997 ete
927 2941 1043 2996 donnee
1056 2945 1084 2998 le
1097 2957 1140 3010 μ
1153 2939 1284 2999 Octobre
1300 2939 1368 3009 1733
1385 2940 1402 2994 tr
1420 2941 1537 2994 Anvers
1549 2955 1598 3011 par

370 3032 414 3085 les
428 3031 517 3085 Pieres
531 3030 738 3089 Bollandistes.
752 3032 786 3087 E.
801 3030 922 3086 Soneiet
934 3030 971 3086 de
986 3032 1013 3086 la
1030 3029 1133 3104 Comp.
1147 3030 1184 3086 de
1199 3032 1298 3101 Jesus.
1313 3031 1355 3084 La
1368 3029 1512 3102 premiere
1532 3037 1597 3083 note

371 3121 532 3190 marginale
548 3121 599 3192 qui
617 3123 661 3192 s'y
679 3120 741 3175 voit
763 3128 809 3175 est
822 3118 875 3174 des
894 3120 985 3175 Pieres
1005 3120 1212 3175 Bollandistes:
1230 3119 1356 3190 j’ignore
1376 3119 1501 3174 l'auteur
1519 3117 1555 3172 de
1575 3117 1598 3170 la

370 3208 529 3266 seconde.»

426 3296 516 3352 Aliud
538 3299 738 3369 apographum
759 3297 907 3369 integrum
932 3307 973 3369 et,
992 3308 1025 3352 ut
1047 3297 1175 3369 videtur,
1198 3315 1235 3353 ex
1258 3296 1393 3368 originali
1412 3296 1599 3368 descriptum,

371 3395 506 3441 servatur
528 3386 606 3458 apud
627 3403 692 3456 nos,
715 3387 829 3459 fuitque
852 3404 889 3442 ex
912 3385 1086 3458 Philippinis
1104 3386 1207 3442 insulis
1225 3387 1346 3442 missurn
1370 3386 1449 3440 Patri
1473 3385 1565 3440 Bouix
1585 3403 1601 3438 a

372 3476 446 3533 Rdo.
466 3476 499 3530 P.
514 3477 646 3547 Josepho
664 3476 770 3547 Lluch,
788 3477 903 3531 illarum
922 3477 1081 3531 insularum
1104 3477 1254 3548 superiore
1276 3475 1425 3548 praelecto
1447 3475 1601 3530 Societatis

372 3566 456 3634 Jesu.
480 3565 527 3631 Ad
549 3567 660 3619 calcem
684 3565 772 3635 illius,
796 3549 873 3621 inter
895 3564 952 3619 alia
975 3565 1095 3620 minoris
1118 3565 1268 3634 momenti,
1290 3566 1429 3630 leguntur
1450 3563 1601 3635 sequentia

373 3655 472 3706 verba:
488 3655 551 3707 «En
564 3655 590 3707 el
604 3653 702 3708 indice
719 3653 756 3708 de
773 3651 912 3725 reliquias
929 3655 998 3725 (que
1008 3670 1045 3722 ya
1056 3671 1094 3708 no
1104 3655 1219 3724 existe),
1233 3671 1290 3726 que
1301 3657 1400 3708 tenian
1410 3661 1547 3708 nuestros
1556 3669 1601 3706 an·

370 3742 468 3810 tiguos
479 3740 589 3796 Padres
601 3741 639 3795 de
650 3741 769 3810 Manila,
781 3741 819 3795 de
828 3741 926 3796 donde
941 3743 978 3796 he
988 3741 1094 3796 sacado
1109 3743 1136 3796 la
1151 3744 1235 3813 copia
1248 3743 1284 3796 de
1298 3743 1324 3797 la
1334 3751 1414 3796 carta
1428 3740 1602 3813 precedente

370 3830 410 3884 de
423 3829 461 3883 N.
476 3830 509 3883 B.
524 3830 557 3885 P.
569 3829 699 3900 lgnacio‚
710 3831 768 3902 hay
778 3831 885 3884 escrita
897 3832 925 3885 la
939 3839 1008 3884 nota
1018 3829 1177 3900 signiente:
1193 3829 1260 3886 ‘Sti
1273 3831 1367 3884 Patris
1378 3830 1414 3883 N.
1427 3829 1537 3900 Ignatii
1546 3830 1603 3900 epi·

375 3919 509 3976 stola.....
524 3920 608 3974 Hanc
628 3936 664 3973 ex
678 3919 821 3991 Hispania
833 3920 890 3973 huc
903 3918 1009 3974 detulit
1023 3927 1091 3974 ante
1106 3928 1166 3973 tres
1179 3937 1271 3974 annos
1290 3919 1322 3974 P.
1340 3919 1513 3974 Franciscus
1527 3917 1603 3974 Gon·

372 4010 455 4063 zalez
467 4007 504 4061 de
519 4009 650 4078 Aguero‚
664 4025 751 4080 quam
765 4025 781 4062 a
794 4007 969 4080 quibusdam
981 4026 997 4062 e
1009 4010 1116 4062 nostris
1128 4009 1264 4063 Patribus
1275 4008 1322 4063 hic
1333 4007 1513 4078 degentibus
1524 4008 1603 4080 agni·

375 4106 447 4164 tam,
461 4105 494 4150 ut
511 4113 611 4151 veram
629 4097 753 4152 colimus
771 4113 805 4152 ac
825 4114 1010 4165 veneramur;
1031 4113 1067 4152 eo
1084 4098 1240 4169 praecipue
1260 4097 1336 4169 quod
1359 4099 1393 4151 B.
1417 4097 1449 4153 P.
1474 4097 1512 4155 N.
1536 4113 1604 4152 vera

376 4185 592 4257 susbcriptione
606 4186 718 4241 munita
735 4185 824 4240 fidem
842 4187 960 4242 veritati
984 4189 1114 4258 praebet.
1139 4188 1222 4242 Hanc
1241 4186 1278 4241 ad
1292 4187 1418 4242 litteram
1440 4185 1603 4257 trancripsi,

369 4273 496 4346 ejusque
507 4276 658 4346 exemplar
668 4283 825 4346 antequam
835 4285 1072 4347 corrumperetur
1085 4275 1221 4330 omnibus
1231 4283 1332 4346 patere
1347 4275 1491 4334 volui...'n
1502 4276 1604 4330 Exstat

374 4362 463 4418 etiam
477 4365 644 4434 exemplum
659 4364 745 4418 valde
758 4363 943 4419 decurtatum
958 4364 986 4419 in
1003 4363 1075 4420 Cori.
1090 4365 1263 4432 Menelaum,
1278 4366 1328 4421 lib.
1343 4365 1397 4435 111,
1418 4383 1448 4419 n.
1470 4364 1512 4418 18.
1531 4365 1604 4419 Tan·

369 4453 440 4508 dem
459 4452 523 4523 ejus
541 4453 731 4507 summarium
750 4454 874 4508 habetur
891 4452 922 4509 in
940 4453 1040 4508 codice
1059 4455 1180 4525 Regest.
1203 4455 1232 4516 I,
1251 4453 1302 4508 fol.
1325 4455 1384 4526 oar,
1410 4471 1487 4514 vers.
1515 4465 1603 4522 t·4.-

374 4543 570 4612 Menestam,
582 4543 633 4597 lib.
648 4543 697 4609 Ill,
712 4561 742 4599 n.
756 4543 809 4598 XX
823 4542 1031 4614 (imperfecta);
1047 4543 1160 4614 Βουικ,
1176 4561 1204 4596 n.
1216 4543 1281 4597 CVI
1294 4544 1395 4610 (etiam
1409 4541 1603 4615 imperfecta);

373 4630 497 4695 Cartas,
512 4649 541 4685 n.
556 4631 740 4688 CCLXXIX.
1475 4647 1478 4653 ·

427 4725 438 4754 ²
476 4719 626 4776 Consalvii
641 4720 755 4776 litteras
767 4722 859 4776 habes
874 4721 903 4777 in
917 4738 1006 4794 opere
1021 4722 1117 4792 Epist.
1134 4722 1257 4785 Mixtus,
1272 4721 1310 4792 11,
1324 4731 1387 4790 707.
