3634 5417
574 511 679 567 Earsr.
701 509 853 580 2771·-3¹
874 511 957 581 Jucn
979 523 1047 578 1552
1339 507 1390 578 351
1496 527 1500 533 ·

267 663 316 730 1.⁰
357 667 512 752 Juuenes
529 665 598 730 huc
615 663 773 730 mittendi
796 685 816 729 a
844 663 883 730 16
907 661 1083 748 usquead
1108 679 1149 728 22
1175 683 1302 728 annum
1326 682 1428 746 agere

192 779 373 848 deberent.
393 782 497 866 Quod
517 780 547 846 si
570 779 674 866 aliqui
697 780 785 847 vltra
808 801 883 846 eam
907 790 1053 847 aetatem
1080 777 1262 865 progressi,
1289 787 1428 864 propter

192 895 280 962 alias
309 896 470 982 egregias
498 895 601 963 animi
628 899 727 964 dotes
750 895 906 962 mittendi
931 873 1152 977 uidebuntur,
1179 893 1311 962 dociles
1335 905 1427 962 certe

193 1010 277 1092 sint,
294 1023 329 1079 et
345 1014 470 1096 quibus
487 1012 610 1078 tradita
626 1011 662 1080 in
678 1011 829 1079 moribus
844 1022 879 1079 et
891 1011 1013 1079 litteris
1026 1010 1196 1077 institutio
1207 1012 1297 1078 bene
1309 1009 1426 1095 impri-

191 1127 240 1194 mi
257 1139 362 1213 atque
377 1128 475 1214 infigi
491 1129 609 1214 possit.
628 1129 665 1197 Si
679 1114 756 1213 quis
766 1151 836 1194 non
849 1128 1036 1214 attingeret
1053 1128 1104 1208 16,
1119 1137 1214 1195 certe
1225 1127 1339 1214 specie
1351 1146 1426 1193 cor·

193 1244 287 1329 poris
302 1267 323 1310 a
339 1245 453 1331 pueris
469 1244 653 1312 recessisse
668 1244 836 1312 videatur.

262 1379 294 1427 2.
344 1361 421 1429 Sint
437 1383 568 1442 omneS,
587 1363 700 1445 quoad
720 1358 900 1428 externum
924 1359 1096 1434 hominem
1121 1359 1256 1439 attinet,
1283 1362 1426 1428 honesta

194 1475 281 1544 facie
297 1486 332 1544 et
349 1477 564 1562 ingenua‚-et
580 1499 664 1543 sano
683 1499 826 1562 corpore
841 1488 875 1574 et
897 1477 941 1543 ad
958 1477 1134 1544 ferendum
1152 1475 1256 1542 studii
1273 1477 1424 1544 laborem
1465 1459 1467 1467 ¹

192 1601 286 1675 apto.
1075 1665 1081 1676 ‚

263 1726 295 1790 3.
343 1707 420 1776 Sint
436 1707 577 1794 ingenio
596 1718 700 1792 atque
723 1707 837 1791 indole
860 1708 963 1789 bona,
991 1718 1028 1773 ut
1052 1706 1179 1793 sperari
1204 1704 1310 1793 possit
1333 1709 1425 1792 quod

193 1797 332 1889 tandem
350 1822 384 1888 in
400 1823 512 1889 bonos
533 1845 573 1889 ac
594 1834 752 1890 strenuos
775 1823 896 1892 vineae
921 1821 1084 1912 [Domini]
1108 1821 1122 1862 b
1145 1823 1318 1910 operarios
1341 1843 1423 1891 eua-

192 1938 289 2004 dent.

259 2073 293 2135 4.
342 2057 519 2138 Quantum
535 2055 611 2133 fieri
625 2055 732 2140 possit
748 2055 905 2122 instructi
917 2055 986 2122 sint
1002 2055 1130 2124 litteris.
1151 2055 1261 2122 Valde
1274 2053 1363 2122 enim
1380 2055 1424 2120 ad

192 2168 464 2236 aedificationem
480 2170 687 2240 Germaniae
703 2172 842 2250 faceret,
867 2171 897 2238 si
921 2169 1010 2237 intra
1035 2192 1161 2256 paucos
1186 2191 1294 2237 annos
1319 2169 1424 2254 aliqui

192 2284 319 2352 remitti
336 2284 479 2370 possint,
499 2284 557 2370 qui
573 2285 740 2355 beneficia
755 2286 988 2354 ecclesiastica
1003 2307 1082 2353 cum
1099 2285 1252 2355 doctrina
1270 2297 1282 2325 ⁰
1298 2296 1333 2352 et
1354 2285 1423 2352 vir·

194 2411 307 2466 tutum
324 2413 512 2487 augmento
535 2403 674 2468 domurn
698 2387 896 2482 referentes,
924 2403 1052 2468 bonnm
1076 2401 1212 2490 collegii
1236 2401 1423 2490 germanici

193 2517 337 2583 odorem
354 2531 567 2603 spargerent.

260 2649 293 2715 5«
341 2633 379 2701 Si
394 2633 527 2703 nobiles
543 2639 608 2701 hoc
624 2634 660 2701 in
677 2634 842 2721 principio
859 2635 946 2700 mitti
963 2657 1030 2702 non
1049 2647 1221 2720 poterunt,
1240 2647 1333 2702 certe
1349 2636 1424 2702 ani·
1488 2639 1493 2650 “

193 2748 238 2812 mi
256 2748 415 2814 nobilitas
432 2749 481 2817 eis
497 2768 566 2816 non
582 2750 684 2820 desit.
702 2753 828 2820 Postea
845 2763 959 2820 tamen
975 2753 1163 2818 curandum
1180 2751 1245 2818 erit
1261 2761 1300 2816 ut
1325 2749 1423 2816 nobi·
1584 2800 1588 2808 .

192 2864 243 2930 les
259 2863 363 2931 etiam
379 2863 395 2902 d
410 2865 561 2933 veniant.

258 2977 297 3045 Id
313 2982 356 3045 ad
371 2982 466 3065 quod
487 2983 707 3061 tenebuntur,
734 2993 865 3049 tantum
887 2982 1007 3063 idest,
1036 2992 1073 3048 ut
1097 2981 1258 3049 obediant
1281 3003 1422 3069 praece-

190 3095 345 3180 ptoribus
360 3095 432 3162 suis
447 3107 483 3165 et
499 3095 635 3183 collegii
651 3097 984 3166 administratoribus
1000 3097 1035 3163 in
1053 3099 1106 3178 iis,
1124 3119 1213 3183 quae
1230 3099 1273 3164 ad
1295 3121 1422 3178 mores,

189 3211 329 3280 homine
344 3212 531 3294 christiano
547 3212 684 3299 dignos
704 3212 738 3283 e't
757 3214 948 3282 doctrinam
966 3214 1146 3301 pertinent.
1166 3213 1348 3302 Oportebit
1375 3224 1423 3279 ta-

190 3349 269 3429 men
287 3338 324 3392 ut
340 3325 387 3393 illi
404 3337 537 3394 tantum
553 3329 705 3409 veniant,
724 3330 783 3415 qui
804 3329 1072 3444 ecclesiasticum
1090 3329 1285 3397 institutum
1311 3329 1421 3414 sequi,

143 3459 146 3464 ’
191 3457 225 3507 et
245 3443 407 3529 temporis
423 3465 585 3511 successu
602 3446 645 3510 ad
662 3467 777 3512 sacros
794 3445 931 3513 ordines
948 3446 1139 3532 promoueri
1155 3447 1281 3513 volent.

206 3533 211 3542 ²
260 3559 311 3624 De
327 3579 482 3639 numero,
501 3571 668 3644 quotquot
685 3561 773 3628 mitti
790 3562 922 3646 possint
939 3584 1047 3646 vsque
1063 3563 1106 3628 ad
1131 3581 1173 3646 30
1197 3562 1253 3628 uel
1276 3581 1320 3642 40
1344 3561 1422 3626 mit·

192 3687 319 3754 tantur,
339 3686 373 3742 et
390 3676 547 3759 sequenti
562 3697 654 3742 anno
670 3677 778 3742 multo
794 3679 910 3763 plures
927 3677 1014 3743 mitti
1032 3687 1205 3762 poterunt3
1224 3699 1302 3743 narn
1319 3699 1423 3762 supra

190 3801 330 3854 centum
358 3802 393 3855 et
420 3791 670 3876 quinquaginta
692 3793 842 3876 juuenes
865 3813 1002 3878 semper
1026 3795 1156 3860 Romae
1180 3793 1270 3860 alere
1293 3803 1328 3858 et
1351 3794 1422 3860 fere

190 3907 280 3970 6000
295 3907 496 3976 ducatorum
514 3907 618 3972 annui
635 3908 764 3975 reditus
780 3907 862 3974 huic
882 3909 1029 3993 collegio
1045 3907 1217 3994 assignare
1233 3907 1422 3975 cardinales

190 4019 225 4084 in
243 4021 357 4087 animo
373 4022 513 4088 habent.

205 4159 208 4168 ¹
244 4173 258 4212 b
295 4173 360 4227 Hoc
377 4173 498 4228 verbum
516 4175 710 4229 desideratur
727 4177 762 4230 in
776 4193 845 4231 me:
862 4177 1005 4231 exstalin
1024 4193 1265 4247 ‹rseq.rrronum‚n
1303 4174 1422 4230 -cdo-

189 4260 301 4315 ctrinae
314 4279 373 4332 seq.
388 4277 523 4317 monum.
562 4266 612 4307 -d
633 4272 665 4318 ut
678 4263 766 4319 etiam
781 4265 896 4320 nobiles
908 4282 968 4336 seq.
983 4283 1117 4326 rnonrtm.
1200 4311 1208 4324 .

189 4395 235 4450 nis
248 4405 427 4466 assumptae.
435 4427 455 4434 -
466 4397 687 4466 Braunsberger
699 4396 779 4451 illam
790 4397 901 4469 primus
912 4397 1004 4453 edidit
1017 4397 1047 4454 in
1058 4398 1246 4454 ‹rZeitschrilt
1256 4398 1302 4454 lr'lr
1313 4401 1421 4454 Katho-

188 4483 281 4539 lische
294 4485 473 4556 Theologieo
487 4484 674 4556 (lnnsbruck,
687 4487 823 4568 iflprilis
836 4487 926 4556 1885).
939 4489 1009 4542 Eam
1020 4489 1108 4544 etiam
1119 4487 1284 4544 ediderunt:
1297 4489 1422 4544 PACHT-

188 4585 259 4642 Len,
286 4573 481 4628 Monumerrla
511 4576 697 4631 Germaniae
726 4577 942 4650 Pnedagogica
973 4579 1082 4632 «Ratio
1108 4579 1320 4643 Studiorum»,
1349 4588 1370 4634 t.
1396 4580 1421 4650 1,

189 4679 255 4736 pag.
268 4661 333 4734 3⁶93
347 4662 554 4733 Scflnoeossu,
568 4665 766 4720 Monumenta
778 4683 855 4735 quae
868 4670 1002 4736 spectant
1011 4668 1189 4738 primordia
1207 4668 1328 4739 collegii
1348 4668 1423 4724 Ger-

188 4751 304 4807 manici
317 4756 346 4808 et
358 4751 544 4825 Hungorici,
558 4769 640 4824 page.
657 4753 750 4812 26·28.
1486 4755 1489 4768 '
