<?xml version="1.0" encoding="UTF-8"?>
<!DOCTYPE html PUBLIC "-//W3C//DTD XHTML 1.0 Transitional//EN"
    "http://www.w3.org/TR/xhtml1/DTD/xhtml1-transitional.dtd">
<html xmlns="http://www.w3.org/1999/xhtml" xml:lang="en" lang="en">
 <head>
  <title>
</title>
<meta http-equiv="Content-Type" content="text/html;charset=utf-8" />
  <meta name='ocr-system' content='tesseract 3.04.00' />
  <meta name='ocr-capabilities' content='ocr_page ocr_carea ocr_par ocr_line ocrx_word'/>
</head>
<body>
  <div class='ocr_page' id='page_1' title='image "./monumentaignati00unkngoog_0209.png"; bbox 0 0 3634 5417; ppageno 0'>
   <div class='ocr_carea' id='block_1_1' title="bbox 574 511 1491 588">
    <p class='ocr_par' dir='ltr' id='par_1_1' title="bbox 574 511 1491 588">
     <span class='ocr_line' id='line_1_1' title="bbox 574 511 1491 588; baseline -0.001 -19"><span class='ocrx_word' id='word_1_1' title='bbox 574 513 853 582; x_wconf 72' lang='lat' dir='ltr'><strong>EPtST.2517.-26</strong></span> <span class='ocrx_word' id='word_1_2' title='bbox 871 513 988 569; x_wconf 72' lang='lat' dir='ltr'><strong>Maeni</strong></span> <span class='ocrx_word' id='word_1_3' title='bbox 1010 526 1078 584; x_wconf 84' lang='lat'>155²</span> <span class='ocrx_word' id='word_1_4' title='bbox 1360 511 1413 568; x_wconf 83' lang='lat'><strong>203</strong></span> <span class='ocrx_word' id='word_1_5' title='bbox 1488 581 1491 588; x_wconf 27' lang='grc' dir='ltr'>Ι</span> 
     </span>
    </p>
   </div>
   <div class='ocr_carea' id='block_1_2' title="bbox 214 664 1457 3994">
    <p class='ocr_par' dir='ltr' id='par_1_2' title="bbox 214 664 1457 3994">
     <span class='ocr_line' id='line_1_2' title="bbox 283 664 1447 752; baseline -0.002 -19"><span class='ocrx_word' id='word_1_6' title='bbox 283 669 372 743; x_wconf 91' lang='lat' dir='ltr'><strong>Cum</strong></span> <span class='ocrx_word' id='word_1_7' title='bbox 390 665 424 732; x_wconf 93' lang='lat' dir='ltr'><strong>in</strong></span> <span class='ocrx_word' id='word_1_8' title='bbox 442 668 596 732; x_wconf 88' lang='lat' dir='ltr'><strong>Romana</strong></span> <span class='ocrx_word' id='word_1_9' title='bbox 612 667 698 732; x_wconf 89' lang='lat' dir='ltr'><strong>urbe</strong></span> <span class='ocrx_word' id='word_1_10' title='bbox 714 665 832 752; x_wconf 79' lang='lat' dir='ltr'>paucis</span> <span class='ocrx_word' id='word_1_11' title='bbox 847 664 973 732; x_wconf 86' lang='lat' dir='ltr'>abhinc</span> <span class='ocrx_word' id='word_1_12' title='bbox 984 666 1084 734; x_wconf 92' lang='lat' dir='ltr'><strong>annis</strong></span> <span class='ocrx_word' id='word_1_13' title='bbox 1100 666 1256 734; x_wconf 88' lang='lat' dir='ltr'><strong>instituta</strong></span> <span class='ocrx_word' id='word_1_14' title='bbox 1268 677 1373 750; x_wconf 88' lang='lat' dir='ltr'><strong>atque</strong></span> <span class='ocrx_word' id='word_1_15' title='bbox 1386 687 1447 752; x_wconf 91' lang='lat' dir='ltr'><strong>per</strong></span> 
     </span>
     <span class='ocr_line' id='line_1_3' title="bbox 214 781 1448 868; baseline -0.004 -17"><span class='ocrx_word' id='word_1_16' title='bbox 214 793 370 850; x_wconf 83' lang='lat' dir='ltr'><strong>sanctam</strong></span> <span class='ocrx_word' id='word_1_17' title='bbox 395 783 519 851; x_wconf 89' lang='lat' dir='ltr'><strong>Sedem</strong></span> <span class='ocrx_word' id='word_1_18' title='bbox 537 781 770 868; x_wconf 86' lang='lat' dir='ltr'><strong>Apostolicam</strong></span> <span class='ocrx_word' id='word_1_19' title='bbox 792 783 992 849; x_wconf 87' lang='lat' dir='ltr'><strong>confirmata</strong></span> <span class='ocrx_word' id='word_1_20' title='bbox 1013 793 1103 850; x_wconf 88' lang='lat' dir='ltr'><strong>esset</strong></span> <span class='ocrx_word' id='word_1_21' title='bbox 1124 781 1279 851; x_wconf 82' lang='lat' dir='ltr'>Societas</span> <span class='ocrx_word' id='word_1_22' title='bbox 1299 781 1448 847; x_wconf 91' lang='lat' dir='ltr'><strong>nominis</strong></span> 
     </span>
     <span class='ocr_line' id='line_1_4' title="bbox 215 896 1449 983; baseline -0.001 -19"><span class='ocrx_word' id='word_1_23' title='bbox 215 901 307 980; x_wconf 86' lang='lat' dir='ltr'><strong>Iesu,</strong></span> <span class='ocrx_word' id='word_1_24' title='bbox 325 898 425 965; x_wconf 90' lang='lat' dir='ltr'><strong>cuius</strong></span> <span class='ocrx_word' id='word_1_25' title='bbox 440 897 578 982; x_wconf 88' lang='lat' dir='ltr'><strong>quidem</strong></span> <span class='ocrx_word' id='word_1_26' title='bbox 597 908 769 983; x_wconf 90' lang='lat' dir='ltr'><strong>protector</strong></span> <span class='ocrx_word' id='word_1_27' title='bbox 789 910 842 963; x_wconf 90' lang='lat' dir='ltr'><strong>est</strong></span> <span class='ocrx_word' id='word_1_28' title='bbox 863 897 1180 965; x_wconf 87' lang='lat' dir='ltr'><strong>Reverendissimus</strong></span> <span class='ocrx_word' id='word_1_29' title='bbox 1196 896 1389 964; x_wconf 89' lang='lat' dir='ltr'><strong>Cardinalis</strong></span> <span class='ocrx_word' id='word_1_30' title='bbox 1405 897 1449 963; x_wconf 89' lang='lat' dir='ltr'><strong>de</strong></span> 
     </span>
     <span class='ocr_line' id='line_1_5' title="bbox 214 1011 1448 1102; baseline -0.002 -21"><span class='ocrx_word' id='word_1_31' title='bbox 214 1015 320 1102; x_wconf 85' lang='lat' dir='ltr'>Carpi</span> <span class='ocrx_word' id='word_1_32' title='bbox 337 1017 362 1094; x_wconf 84' lang='lat'><strong>¹,</strong></span> <span class='ocrx_word' id='word_1_33' title='bbox 380 1013 429 1080; x_wconf 91' lang='lat' dir='ltr'><strong>sic</strong></span> <span class='ocrx_word' id='word_1_34' title='bbox 446 1014 556 1082; x_wconf 91' lang='lat' dir='ltr'><strong>visum</strong></span> <span class='ocrx_word' id='word_1_35' title='bbox 573 1023 625 1080; x_wconf 91' lang='lat' dir='ltr'><strong>est</strong></span> <span class='ocrx_word' id='word_1_36' title='bbox 642 1015 716 1080; x_wconf 90' lang='lat' dir='ltr'><strong>Deo</strong></span> <span class='ocrx_word' id='word_1_37' title='bbox 729 1011 871 1098; x_wconf 91' lang='lat' dir='ltr'><strong>Optimo</strong></span> <span class='ocrx_word' id='word_1_38' title='bbox 884 1011 1045 1092; x_wconf 85' lang='lat' dir='ltr'><strong>Maximo,</strong></span> <span class='ocrx_word' id='word_1_39' title='bbox 1061 1024 1099 1078; x_wconf 91' lang='lat' dir='ltr'><strong>ut</strong></span> <span class='ocrx_word' id='word_1_40' title='bbox 1114 1012 1178 1078; x_wconf 92' lang='lat' dir='ltr'><strong>viri</strong></span> <span class='ocrx_word' id='word_1_41' title='bbox 1191 1013 1357 1100; x_wconf 85' lang='lat' dir='ltr'>plerique,</span> <span class='ocrx_word' id='word_1_42' title='bbox 1375 1023 1448 1079; x_wconf 88' lang='lat' dir='ltr'><strong>tum</strong></span> 
     </span>
     <span class='ocr_line' id='line_1_6' title="bbox 215 1127 1449 1216; baseline -0.001 -20"><span class='ocrx_word' id='word_1_43' title='bbox 215 1130 323 1214; x_wconf 91' lang='lat' dir='ltr'><strong>docti,</strong></span> <span class='ocrx_word' id='word_1_44' title='bbox 342 1142 414 1196; x_wconf 93' lang='lat' dir='ltr'><strong>tum</strong></span> <span class='ocrx_word' id='word_1_45' title='bbox 431 1129 491 1216; x_wconf 92' lang='lat' dir='ltr'><strong>pii,</strong></span> <span class='ocrx_word' id='word_1_46' title='bbox 509 1139 731 1215; x_wconf 85' lang='lat' dir='ltr'>posteaquam</span> <span class='ocrx_word' id='word_1_47' title='bbox 750 1150 769 1195; x_wconf 92' lang='lat' dir='ltr'><strong>e</strong></span> <span class='ocrx_word' id='word_1_48' title='bbox 785 1127 903 1214; x_wconf 90' lang='lat' dir='ltr'><strong>patriis</strong></span> <span class='ocrx_word' id='word_1_49' title='bbox 921 1128 1122 1214; x_wconf 83' lang='lat' dir='ltr'>regionibus</span> <span class='ocrx_word' id='word_1_50' title='bbox 1138 1129 1378 1209; x_wconf 81' lang='lat' dir='ltr'><strong>excessissent,</strong></span> <span class='ocrx_word' id='word_1_51' title='bbox 1393 1151 1449 1195; x_wconf 92' lang='lat' dir='ltr'><strong>se-</strong></span> 
     </span>
     <span class='ocr_line' id='line_1_7' title="bbox 216 1242 1449 1332; baseline -0.002 -20"><span class='ocrx_word' id='word_1_52' title='bbox 216 1267 286 1330; x_wconf 87' lang='lat' dir='ltr'><strong>que</strong></span> <span class='ocrx_word' id='word_1_53' title='bbox 312 1245 376 1332; x_wconf 92' lang='lat' dir='ltr'><strong>ipsi</strong></span> <span class='ocrx_word' id='word_1_54' title='bbox 405 1245 625 1312; x_wconf 85' lang='lat' dir='ltr'><strong>facultatibus</strong></span> <span class='ocrx_word' id='word_1_55' title='bbox 655 1242 798 1330; x_wconf 89' lang='lat' dir='ltr'><strong>propriis</strong></span> <span class='ocrx_word' id='word_1_56' title='bbox 822 1255 857 1312; x_wconf 89' lang='lat' dir='ltr'><strong>et</strong></span> <span class='ocrx_word' id='word_1_57' title='bbox 886 1243 1004 1310; x_wconf 91' lang='lat' dir='ltr'><strong>mundi</strong></span> <span class='ocrx_word' id='word_1_58' title='bbox 1034 1244 1133 1326; x_wconf 89' lang='lat' dir='ltr'><strong>bonis</strong></span> <span class='ocrx_word' id='word_1_59' title='bbox 1160 1243 1388 1320; x_wconf 81' lang='lat' dir='ltr'><strong>abdicassent,</strong></span> <span class='ocrx_word' id='word_1_60' title='bbox 1414 1244 1449 1310; x_wconf 93' lang='lat' dir='ltr'><strong>in</strong></span> 
     </span>
     <span class='ocr_line' id='line_1_8' title="bbox 217 1360 1450 1444; baseline -0.004 -14"><span class='ocrx_word' id='word_1_61' title='bbox 217 1364 338 1430; x_wconf 90' lang='lat' dir='ltr'><strong>eadem</strong></span> <span class='ocrx_word' id='word_1_62' title='bbox 356 1361 528 1430; x_wconf 89' lang='lat' dir='ltr'><strong>Societate</strong></span> <span class='ocrx_word' id='word_1_63' title='bbox 545 1381 678 1427; x_wconf 90' lang='lat' dir='ltr'><strong>summo</strong></span> <span class='ocrx_word' id='word_1_64' title='bbox 695 1363 771 1428; x_wconf 94' lang='lat' dir='ltr'><strong>Deo</strong></span> <span class='ocrx_word' id='word_1_65' title='bbox 786 1382 824 1427; x_wconf 90' lang='lat' dir='ltr'><strong>se</strong></span> <span class='ocrx_word' id='word_1_66' title='bbox 839 1361 1060 1428; x_wconf 86' lang='lat' dir='ltr'>devoverent.</span> <span class='ocrx_word' id='word_1_67' title='bbox 1076 1360 1213 1444; x_wconf 85' lang='lat' dir='ltr'><strong>Quibus</strong></span> <span class='ocrx_word' id='word_1_68' title='bbox 1229 1370 1450 1427; x_wconf 88' lang='lat' dir='ltr'><strong>accesserunt</strong></span> 
     </span>
     <span class='ocr_line' id='line_1_9' title="bbox 216 1475 1450 1562; baseline -0.001 -18"><span class='ocrx_word' id='word_1_69' title='bbox 216 1477 363 1544; x_wconf 87' lang='lat' dir='ltr'><strong>studiosi</strong></span> <span class='ocrx_word' id='word_1_70' title='bbox 384 1479 575 1562; x_wconf 86' lang='lat' dir='ltr'>complures</span> <span class='ocrx_word' id='word_1_71' title='bbox 596 1477 843 1554; x_wconf 85' lang='lat' dir='ltr'>adolescentes,</span> <span class='ocrx_word' id='word_1_72' title='bbox 865 1478 976 1543; x_wconf 91' lang='lat' dir='ltr'><strong>bonae</strong></span> <span class='ocrx_word' id='word_1_73' title='bbox 996 1475 1119 1542; x_wconf 88' lang='lat' dir='ltr'><strong>indolis</strong></span> <span class='ocrx_word' id='word_1_74' title='bbox 1141 1475 1188 1540; x_wconf 89' lang='lat' dir='ltr'><strong>illi</strong></span> <span class='ocrx_word' id='word_1_75' title='bbox 1204 1488 1239 1542; x_wconf 89' lang='lat' dir='ltr'><strong>et</strong></span> <span class='ocrx_word' id='word_1_76' title='bbox 1254 1477 1450 1562; x_wconf 86' lang='lat' dir='ltr'><strong>praeclarae</strong></span> 
     </span>
     <span class='ocr_line' id='line_1_10' title="bbox 217 1590 1451 1680; baseline -0.001 -20"><span class='ocrx_word' id='word_1_77' title='bbox 217 1593 305 1680; x_wconf 89' lang='lat' dir='ltr'><strong>spei,</strong></span> <span class='ocrx_word' id='word_1_78' title='bbox 323 1591 424 1658; x_wconf 89' lang='lat' dir='ltr'><strong>variis</strong></span> <span class='ocrx_word' id='word_1_79' title='bbox 445 1616 465 1662; x_wconf 92' lang='lat' dir='ltr'><strong>e</strong></span> <span class='ocrx_word' id='word_1_80' title='bbox 486 1591 686 1678; x_wconf 84' lang='lat' dir='ltr'><strong>regionibus</strong></span> <span class='ocrx_word' id='word_1_81' title='bbox 707 1591 784 1672; x_wconf 91' lang='lat' dir='ltr'><strong>orti,</strong></span> <span class='ocrx_word' id='word_1_82' title='bbox 808 1591 922 1658; x_wconf 87' lang='lat' dir='ltr'><strong>dictae</strong></span> <span class='ocrx_word' id='word_1_83' title='bbox 942 1592 1125 1660; x_wconf 88' lang='lat' dir='ltr'><strong>Societatis</strong></span> <span class='ocrx_word' id='word_1_84' title='bbox 1145 1590 1358 1677; x_wconf 86' lang='lat' dir='ltr'><strong>disciplinam</strong></span> <span class='ocrx_word' id='word_1_85' title='bbox 1379 1615 1451 1659; x_wconf 87' lang='lat' dir='ltr'><strong>am·</strong></span> 
     </span>
     <span class='ocr_line' id='line_1_11' title="bbox 217 1707 1449 1796; baseline 0.002 -22"><span class='ocrx_word' id='word_1_86' title='bbox 217 1709 323 1796; x_wconf 89' lang='lat' dir='ltr'><strong>plexi,</strong></span> <span class='ocrx_word' id='word_1_87' title='bbox 342 1709 376 1774; x_wconf 94' lang='lat' dir='ltr'><strong>in</strong></span> <span class='ocrx_word' id='word_1_88' title='bbox 398 1731 465 1794; x_wconf 92' lang='lat' dir='ltr'><strong>qua</strong></span> <span class='ocrx_word' id='word_1_89' title='bbox 486 1707 706 1794; x_wconf 86' lang='lat' dir='ltr'><strong>spiritualiter</strong></span> <span class='ocrx_word' id='word_1_90' title='bbox 732 1707 882 1774; x_wconf 91' lang='lat' dir='ltr'><strong>militiam</strong></span> <span class='ocrx_word' id='word_1_91' title='bbox 911 1711 977 1773; x_wconf 90' lang='lat' dir='ltr'><strong>sub</strong></span> <span class='ocrx_word' id='word_1_92' title='bbox 994 1709 1070 1776; x_wconf 91' lang='lat' dir='ltr'><strong>lesu</strong></span> <span class='ocrx_word' id='word_1_93' title='bbox 1091 1707 1216 1776; x_wconf 85' lang='lat' dir='ltr'><strong>vexillo</strong></span> <span class='ocrx_word' id='word_1_94' title='bbox 1236 1720 1449 1776; x_wconf 86' lang='lat' dir='ltr'><strong>exercerent.</strong></span> 
     </span>
     <span class='ocr_line' id='line_1_12' title="bbox 220 1823 1451 1910; baseline -0.001 -19"><span class='ocrx_word' id='word_1_95' title='bbox 220 1828 281 1892; x_wconf 84' lang='lat' dir='ltr'><strong>Est</strong></span> <span class='ocrx_word' id='word_1_96' title='bbox 296 1825 387 1892; x_wconf 89' lang='lat' dir='ltr'><strong>enim</strong></span> <span class='ocrx_word' id='word_1_97' title='bbox 403 1826 437 1891; x_wconf 91' lang='lat' dir='ltr'><strong>in</strong></span> <span class='ocrx_word' id='word_1_98' title='bbox 457 1825 550 1890; x_wconf 90' lang='lat' dir='ltr'><strong>hunc</strong></span> <span class='ocrx_word' id='word_1_99' title='bbox 567 1825 670 1892; x_wconf 85' lang='lat' dir='ltr'><strong>finem</strong></span> <span class='ocrx_word' id='word_1_100' title='bbox 686 1824 842 1890; x_wconf 86' lang='lat' dir='ltr'><strong>instituta</strong></span> <span class='ocrx_word' id='word_1_101' title='bbox 859 1835 933 1890; x_wconf 88' lang='lat' dir='ltr'><strong>tota</strong></span> <span class='ocrx_word' id='word_1_102' title='bbox 950 1823 1117 1903; x_wconf 89' lang='lat' dir='ltr'><strong>Societas,</strong></span> <span class='ocrx_word' id='word_1_103' title='bbox 1137 1835 1175 1890; x_wconf 92' lang='lat' dir='ltr'><strong>ut</strong></span> <span class='ocrx_word' id='word_1_104' title='bbox 1191 1823 1300 1909; x_wconf 90' lang='lat' dir='ltr'><strong>quiin</strong></span> <span class='ocrx_word' id='word_1_105' title='bbox 1316 1845 1357 1891; x_wconf 88' lang='lat' dir='ltr'><strong>ea</strong></span> <span class='ocrx_word' id='word_1_106' title='bbox 1374 1846 1451 1910; x_wconf 91' lang='lat' dir='ltr'><strong>pro-</strong></span> 
     </span>
     <span class='ocr_line' id='line_1_13' title="bbox 217 1939 1453 2025; baseline 0.001 -20"><span class='ocrx_word' id='word_1_107' title='bbox 217 1939 299 2008; x_wconf 86' lang='lat' dir='ltr'><strong>fessi</strong></span> <span class='ocrx_word' id='word_1_108' title='bbox 327 1951 529 2020; x_wconf 87' lang='lat' dir='ltr'><strong>censentur,</strong></span> <span class='ocrx_word' id='word_1_109' title='bbox 560 1939 788 2008; x_wconf 88' lang='lat' dir='ltr'><strong>obedientiam</strong></span> <span class='ocrx_word' id='word_1_110' title='bbox 817 1950 1030 2024; x_wconf 87' lang='lat' dir='ltr'><strong>praestantes</strong></span> <span class='ocrx_word' id='word_1_111' title='bbox 1061 1950 1201 2007; x_wconf 89' lang='lat' dir='ltr'><strong>sanctae</strong></span> <span class='ocrx_word' id='word_1_112' title='bbox 1228 1939 1453 2025; x_wconf 88' lang='lat' dir='ltr'><strong>Apostolicae</strong></span> 
     </span>
     <span class='ocr_line' id='line_1_14' title="bbox 220 2055 1453 2143; baseline -0.002 -19"><span class='ocrx_word' id='word_1_113' title='bbox 220 2055 314 2134; x_wconf 88' lang='lat' dir='ltr'><strong>Sedi,</strong></span> <span class='ocrx_word' id='word_1_114' title='bbox 338 2077 553 2124; x_wconf 90' lang='lat' dir='ltr'><strong>communem</strong></span> <span class='ocrx_word' id='word_1_115' title='bbox 583 2055 773 2122; x_wconf 89' lang='lat' dir='ltr'><strong>animarum</strong></span> <span class='ocrx_word' id='word_1_116' title='bbox 802 2057 947 2122; x_wconf 90' lang='lat' dir='ltr'><strong>salutem</strong></span> <span class='ocrx_word' id='word_1_117' title='bbox 971 2065 1207 2143; x_wconf 90' lang='lat' dir='ltr'><strong>promoveant,</strong></span> <span class='ocrx_word' id='word_1_118' title='bbox 1231 2077 1353 2142; x_wconf 90' lang='lat' dir='ltr'><strong>nempe</strong></span> <span class='ocrx_word' id='word_1_119' title='bbox 1374 2077 1453 2122; x_wconf 88' lang='lat' dir='ltr'><strong>ver-</strong></span> 
     </span>
     <span class='ocr_line' id='line_1_15' title="bbox 221 2171 1453 2258; baseline 0 -22"><span class='ocrx_word' id='word_1_120' title='bbox 221 2174 306 2237; x_wconf 92' lang='lat' dir='ltr'><strong>bum</strong></span> <span class='ocrx_word' id='word_1_121' title='bbox 329 2171 393 2240; x_wconf 89' lang='lat' dir='ltr'><strong>Dei</strong></span> <span class='ocrx_word' id='word_1_122' title='bbox 406 2171 543 2257; x_wconf 90' lang='lat' dir='ltr'><strong>publice</strong></span> <span class='ocrx_word' id='word_1_123' title='bbox 560 2171 801 2257; x_wconf 80' lang='lat' dir='ltr'><strong>praedicandO,</strong></span> <span class='ocrx_word' id='word_1_124' title='bbox 819 2171 1028 2239; x_wconf 88' lang='lat' dir='ltr'><strong>christianae</strong></span> <span class='ocrx_word' id='word_1_125' title='bbox 1044 2171 1219 2253; x_wconf 86' lang='lat' dir='ltr'><strong>charitatis</strong></span> <span class='ocrx_word' id='word_1_126' title='bbox 1236 2193 1341 2258; x_wconf 89' lang='lat' dir='ltr'><strong>opera</strong></span> <span class='ocrx_word' id='word_1_127' title='bbox 1357 2193 1453 2239; x_wconf 87' lang='lat' dir='ltr'><strong>exer·</strong></span> 
     </span>
     <span class='ocr_line' id='line_1_16' title="bbox 222 2286 1450 2373; baseline 0.001 -20"><span class='ocrx_word' id='word_1_128' title='bbox 222 2289 347 2367; x_wconf 91' lang='lat' dir='ltr'><strong>cendo,</strong></span> <span class='ocrx_word' id='word_1_129' title='bbox 377 2299 449 2354; x_wconf 90' lang='lat' dir='ltr'><strong>tum</strong></span> <span class='ocrx_word' id='word_1_130' title='bbox 473 2288 617 2372; x_wconf 82' lang='lat' dir='ltr'><strong>[quoties</strong></span> <span class='ocrx_word' id='word_1_131' title='bbox 637 2287 672 2353; x_wconf 93' lang='lat' dir='ltr'><strong>in</strong></span> <span class='ocrx_word' id='word_1_132' title='bbox 700 2289 765 2354; x_wconf 94' lang='lat' dir='ltr'><strong>hoc</strong></span> <span class='ocrx_word' id='word_1_133' title='bbox 789 2287 883 2353; x_wconf 91' lang='lat' dir='ltr'><strong>missi</strong></span> <span class='ocrx_word' id='word_1_134' title='bbox 905 2287 1042 2373; x_wconf 80' lang='lat' dir='ltr'><strong>fuerint)</strong></span> <span class='ocrx_word' id='word_1_135' title='bbox 1059 2286 1187 2354; x_wconf 91' lang='lat' dir='ltr'><strong>Christi</strong></span> <span class='ocrx_word' id='word_1_136' title='bbox 1207 2288 1309 2354; x_wconf 86' lang='lat' dir='ltr'><strong>fidem</strong></span> <span class='ocrx_word' id='word_1_137' title='bbox 1331 2287 1450 2354; x_wconf 89' lang='lat' dir='ltr'><strong>infide·</strong></span> 
     </span>
     <span class='ocr_line' id='line_1_17' title="bbox 222 2381 1455 2487; baseline -0.001 -18"><span class='ocrx_word' id='word_1_138' title='bbox 222 2403 313 2470; x_wconf 90' lang='lat' dir='ltr'><strong>libus</strong></span> <span class='ocrx_word' id='word_1_139' title='bbox 340 2403 518 2487; x_wconf 81' lang='lat' dir='ltr'><strong>quibusvis</strong></span> <span class='ocrx_word' id='word_1_140' title='bbox 546 2389 809 2484; x_wconf 60' lang='lat' dir='ltr'><strong>annuntiando,</strong></span> <span class='ocrx_word' id='word_1_141' title='bbox 828 2403 966 2471; x_wconf 90' lang='lat' dir='ltr'><strong>demum</strong></span> <span class='ocrx_word' id='word_1_142' title='bbox 996 2381 1244 2472; x_wconf 85' lang='lat' dir='ltr'><strong>haereticorum</strong></span> <span class='ocrx_word' id='word_1_143' title='bbox 1271 2401 1455 2469; x_wconf 89' lang='lat' dir='ltr'><strong>conatibus</strong></span> 
     </span>
     <span class='ocr_line' id='line_1_18' title="bbox 223 2517 1454 2606; baseline 0 -22"><span class='ocrx_word' id='word_1_144' title='bbox 223 2541 286 2606; x_wconf 92' lang='lat' dir='ltr'><strong>pro</strong></span> <span class='ocrx_word' id='word_1_145' title='bbox 306 2519 395 2584; x_wconf 89' lang='lat' dir='ltr'><strong>virili</strong></span> <span class='ocrx_word' id='word_1_146' title='bbox 417 2541 479 2585; x_wconf 91' lang='lat' dir='ltr'><strong>sua</strong></span> <span class='ocrx_word' id='word_1_147' title='bbox 502 2517 707 2599; x_wconf 91' lang='lat' dir='ltr'><strong>resistend0,</strong></span> <span class='ocrx_word' id='word_1_148' title='bbox 730 2519 873 2603; x_wconf 89' lang='lat' dir='ltr'><strong>quilibet</strong></span> <span class='ocrx_word' id='word_1_149' title='bbox 894 2520 1083 2586; x_wconf 90' lang='lat' dir='ltr'><strong>secundum</strong></span> <span class='ocrx_word' id='word_1_150' title='bbox 1113 2519 1290 2602; x_wconf 89' lang='lat' dir='ltr'><strong>talentum,</strong></span> <span class='ocrx_word' id='word_1_151' title='bbox 1313 2519 1406 2602; x_wconf 90' lang='lat' dir='ltr'><strong>quod</strong></span> <span class='ocrx_word' id='word_1_152' title='bbox 1433 2540 1454 2584; x_wconf 90' lang='lat' dir='ltr'><strong>a</strong></span> 
     </span>
     <span class='ocr_line' id='line_1_19' title="bbox 223 2633 1455 2725; baseline -0.003 -24"><span class='ocrx_word' id='word_1_153' title='bbox 223 2634 372 2701; x_wconf 91' lang='lat' dir='ltr'><strong>Domino</strong></span> <span class='ocrx_word' id='word_1_154' title='bbox 392 2633 536 2720; x_wconf 91' lang='lat' dir='ltr'><strong>accepit.</strong></span> <span class='ocrx_word' id='word_1_155' title='bbox 562 2636 611 2700; x_wconf 90' lang='lat' dir='ltr'><strong>Ea</strong></span> <span class='ocrx_word' id='word_1_156' title='bbox 639 2653 721 2700; x_wconf 90' lang='lat' dir='ltr'><strong>vero</strong></span> <span class='ocrx_word' id='word_1_157' title='bbox 743 2655 820 2701; x_wconf 90' lang='lat' dir='ltr'><strong>cum</strong></span> <span class='ocrx_word' id='word_1_158' title='bbox 844 2647 937 2700; x_wconf 89' lang='lat' dir='ltr'><strong>recte</strong></span> <span class='ocrx_word' id='word_1_159' title='bbox 966 2634 1084 2719; x_wconf 87' lang='lat' dir='ltr'><strong>perfici</strong></span> <span class='ocrx_word' id='word_1_160' title='bbox 1110 2646 1296 2719; x_wconf 89' lang='lat' dir='ltr'><strong>nequeant,</strong></span> <span class='ocrx_word' id='word_1_161' title='bbox 1320 2643 1455 2725; x_wconf 84' lang='lat' dir='ltr'><strong>praeter</strong></span> 
     </span>
     <span class='ocr_line' id='line_1_20' title="bbox 222 2749 1454 2836; baseline -0.002 -19"><span class='ocrx_word' id='word_1_162' title='bbox 222 2771 325 2836; x_wconf 89' lang='lat' dir='ltr'><strong>quam</strong></span> <span class='ocrx_word' id='word_1_163' title='bbox 342 2749 455 2829; x_wconf 91' lang='lat' dir='ltr'><strong>abiis,</strong></span> <span class='ocrx_word' id='word_1_164' title='bbox 474 2750 533 2833; x_wconf 91' lang='lat' dir='ltr'><strong>qui</strong></span> <span class='ocrx_word' id='word_1_165' title='bbox 549 2749 652 2816; x_wconf 92' lang='lat' dir='ltr'><strong>simul</strong></span> <span class='ocrx_word' id='word_1_166' title='bbox 664 2750 708 2818; x_wconf 88' lang='lat' dir='ltr'><strong>ad</strong></span> <span class='ocrx_word' id='word_1_167' title='bbox 726 2749 885 2835; x_wconf 90' lang='lat' dir='ltr'><strong>pietatem</strong></span> <span class='ocrx_word' id='word_1_168' title='bbox 903 2770 1078 2816; x_wconf 86' lang='lat' dir='ltr'><strong>sacrarum</strong></span> <span class='ocrx_word' id='word_1_169' title='bbox 1091 2749 1280 2816; x_wconf 91' lang='lat' dir='ltr'><strong>litterarum</strong></span> <span class='ocrx_word' id='word_1_170' title='bbox 1297 2749 1454 2835; x_wconf 91' lang='lat' dir='ltr'><strong>peritiam</strong></span> 
     </span>
     <span class='ocr_line' id='line_1_21' title="bbox 223 2859 1455 2946; baseline -0.002 -14"><span class='ocrx_word' id='word_1_171' title='bbox 223 2865 454 2946; x_wconf 86' lang='lat' dir='ltr'><strong>adiunxerint,</strong></span> <span class='ocrx_word' id='word_1_172' title='bbox 478 2866 590 2934; x_wconf 85' lang='lat' dir='ltr'><strong>effecit</strong></span> <span class='ocrx_word' id='word_1_173' title='bbox 612 2869 678 2931; x_wconf 92' lang='lat' dir='ltr'><strong>hoc</strong></span> <span class='ocrx_word' id='word_1_174' title='bbox 701 2859 816 2930; x_wconf 83' lang='lat' dir='ltr'><strong>divina</strong></span> <span class='ocrx_word' id='word_1_175' title='bbox 841 2864 1074 2945; x_wconf 87' lang='lat' dir='ltr'><strong>Providentia,</strong></span> <span class='ocrx_word' id='word_1_176' title='bbox 1099 2876 1136 2930; x_wconf 93' lang='lat' dir='ltr'><strong>ut</strong></span> <span class='ocrx_word' id='word_1_177' title='bbox 1156 2876 1270 2932; x_wconf 90' lang='lat' dir='ltr'><strong>essent</strong></span> <span class='ocrx_word' id='word_1_178' title='bbox 1292 2865 1455 2932; x_wconf 91' lang='lat' dir='ltr'><strong>Illustris-</strong></span> 
     </span>
     <span class='ocr_line' id='line_1_22' title="bbox 223 2979 1455 3068; baseline -0.002 -21"><span class='ocrx_word' id='word_1_179' title='bbox 223 2981 300 3047; x_wconf 89' lang='lat' dir='ltr'><strong>simi</strong></span> <span class='ocrx_word' id='word_1_180' title='bbox 329 2979 578 3068; x_wconf 84' lang='lat' dir='ltr'><strong>religiosissimi</strong></span> <span class='ocrx_word' id='word_1_181' title='bbox 601 2981 778 3068; x_wconf 80' lang='lat' dir='ltr'><strong>Principes</strong></span> <span class='ocrx_word' id='word_1_182' title='bbox 801 2981 969 3060; x_wconf 88' lang='lat' dir='ltr'><strong>nonnulli,</strong></span> <span class='ocrx_word' id='word_1_183' title='bbox 990 2992 1124 3065; x_wconf 89' lang='lat' dir='ltr'><strong>praeter</strong></span> <span class='ocrx_word' id='word_1_184' title='bbox 1144 2981 1235 3046; x_wconf 92' lang='lat' dir='ltr'><strong>viros</strong></span> <span class='ocrx_word' id='word_1_185' title='bbox 1255 2981 1339 3047; x_wconf 91' lang='lat' dir='ltr'><strong>alios</strong></span> <span class='ocrx_word' id='word_1_186' title='bbox 1359 3002 1455 3046; x_wconf 92' lang='lat' dir='ltr'><strong>com·</strong></span> 
     </span>
     <span class='ocr_line' id='line_1_23' title="bbox 225 3096 1454 3182; baseline -0.002 -20"><span class='ocrx_word' id='word_1_187' title='bbox 225 3100 354 3182; x_wconf 80' lang='lat' dir='ltr'><strong>plureS,</strong></span> <span class='ocrx_word' id='word_1_188' title='bbox 372 3099 485 3164; x_wconf 88' lang='lat' dir='ltr'><strong>Deum</strong></span> <span class='ocrx_word' id='word_1_189' title='bbox 503 3097 674 3179; x_wconf 90' lang='lat' dir='ltr'><strong>timentes,</strong></span> <span class='ocrx_word' id='word_1_190' title='bbox 695 3097 840 3176; x_wconf 89' lang='lat' dir='ltr'><strong>nobiles,</strong></span> <span class='ocrx_word' id='word_1_191' title='bbox 860 3097 1073 3181; x_wconf 87' lang='lat' dir='ltr'><strong>magnificos,</strong></span> <span class='ocrx_word' id='word_1_192' title='bbox 1092 3097 1150 3180; x_wconf 93' lang='lat' dir='ltr'><strong>qui</strong></span> <span class='ocrx_word' id='word_1_193' title='bbox 1162 3118 1282 3165; x_wconf 92' lang='lat' dir='ltr'><strong>omnes</strong></span> <span class='ocrx_word' id='word_1_194' title='bbox 1299 3118 1367 3162; x_wconf 91' lang='lat' dir='ltr'><strong>non</strong></span> <span class='ocrx_word' id='word_1_195' title='bbox 1383 3096 1454 3161; x_wconf 89' lang='lat' dir='ltr'><strong>dis-</strong></span> 
     </span>
     <span class='ocr_line' id='line_1_24' title="bbox 223 3211 1455 3300; baseline -0.002 -21"><span class='ocrx_word' id='word_1_196' title='bbox 223 3212 324 3280; x_wconf 90' lang='lat' dir='ltr'><strong>simili</strong></span> <span class='ocrx_word' id='word_1_197' title='bbox 353 3213 467 3300; x_wconf 86' lang='lat' dir='ltr'><strong>animo</strong></span> <span class='ocrx_word' id='word_1_198' title='bbox 494 3213 528 3278; x_wconf 95' lang='lat' dir='ltr'><strong>in</strong></span> <span class='ocrx_word' id='word_1_199' title='bbox 557 3212 779 3290; x_wconf 84' lang='lat' dir='ltr'><strong>scholasticos</strong></span> <span class='ocrx_word' id='word_1_200' title='bbox 806 3213 917 3279; x_wconf 91' lang='lat' dir='ltr'><strong>dictae</strong></span> <span class='ocrx_word' id='word_1_201' title='bbox 946 3212 1127 3281; x_wconf 87' lang='lat' dir='ltr'><strong>Societatis</strong></span> <span class='ocrx_word' id='word_1_202' title='bbox 1155 3214 1281 3291; x_wconf 83' lang='lat' dir='ltr'><strong>affecti,</strong></span> <span class='ocrx_word' id='word_1_203' title='bbox 1308 3211 1455 3298; x_wconf 88' lang='lat' dir='ltr'><strong>collegia</strong></span> 
     </span>
     <span class='ocr_line' id='line_1_25' title="bbox 225 3327 1457 3414; baseline -0.001 -20"><span class='ocrx_word' id='word_1_204' title='bbox 225 3330 391 3414; x_wconf 83' lang='lat' dir='ltr'><strong>quaedam</strong></span> <span class='ocrx_word' id='word_1_205' title='bbox 413 3329 477 3394; x_wconf 89' lang='lat' dir='ltr'><strong>illis</strong></span> <span class='ocrx_word' id='word_1_206' title='bbox 501 3328 766 3406; x_wconf 90' lang='lat' dir='ltr'><strong>constituerunt,</strong></span> <span class='ocrx_word' id='word_1_207' title='bbox 790 3351 898 3413; x_wconf 89' lang='lat' dir='ltr'><strong>eaque</strong></span> <span class='ocrx_word' id='word_1_208' title='bbox 920 3329 1037 3394; x_wconf 89' lang='lat' dir='ltr'><strong>multis</strong></span> <span class='ocrx_word' id='word_1_209' title='bbox 1054 3340 1089 3394; x_wconf 86' lang='lat' dir='ltr'><strong>et</strong></span> <span class='ocrx_word' id='word_1_210' title='bbox 1113 3329 1294 3414; x_wconf 89' lang='lat' dir='ltr'><strong>praeclaris</strong></span> <span class='ocrx_word' id='word_1_211' title='bbox 1315 3328 1349 3392; x_wconf 93' lang='lat' dir='ltr'><strong>in</strong></span> <span class='ocrx_word' id='word_1_212' title='bbox 1372 3327 1457 3394; x_wconf 91' lang='lat' dir='ltr'><strong>locis</strong></span> 
     </span>
     <span class='ocr_line' id='line_1_26' title="bbox 223 3443 1454 3530; baseline -0.002 -20"><span class='ocrx_word' id='word_1_213' title='bbox 223 3445 367 3530; x_wconf 83' lang='lat' dir='ltr'><strong>egregie</strong></span> <span class='ocrx_word' id='word_1_214' title='bbox 395 3445 594 3524; x_wconf 81' lang='lat' dir='ltr'><strong>fundarunt,</strong></span> <span class='ocrx_word' id='word_1_215' title='bbox 619 3458 737 3529; x_wconf 91' lang='lat' dir='ltr'><strong>utpote</strong></span> <span class='ocrx_word' id='word_1_216' title='bbox 764 3445 798 3508; x_wconf 89' lang='lat' dir='ltr'><strong>in</strong></span> <span class='ocrx_word' id='word_1_217' title='bbox 827 3444 1006 3511; x_wconf 87' lang='lat' dir='ltr'><strong>catholicis</strong></span> <span class='ocrx_word' id='word_1_218' title='bbox 1034 3444 1245 3512; x_wconf 83' lang='lat' dir='ltr'><strong>diversarum</strong></span> <span class='ocrx_word' id='word_1_219' title='bbox 1273 3443 1454 3530; x_wconf 90' lang='lat' dir='ltr'><strong>regionum</strong></span> 
     </span>
     <span class='ocr_line' id='line_1_27' title="bbox 227 3559 1455 3640; baseline -0.002 -14"><span class='ocrx_word' id='word_1_220' title='bbox 227 3560 518 3639; x_wconf 89' lang='lat' dir='ltr'><strong>universitatibus,</strong></span> <span class='ocrx_word' id='word_1_221' title='bbox 550 3561 621 3640; x_wconf 94' lang='lat' dir='ltr'><strong>ubi,</strong></span> <span class='ocrx_word' id='word_1_222' title='bbox 644 3561 726 3626; x_wconf 88' lang='lat' dir='ltr'><strong>dum</strong></span> <span class='ocrx_word' id='word_1_223' title='bbox 756 3561 853 3626; x_wconf 90' lang='lat' dir='ltr'><strong>multi</strong></span> <span class='ocrx_word' id='word_1_224' title='bbox 882 3561 966 3626; x_wconf 91' lang='lat' dir='ltr'><strong>tales</strong></span> <span class='ocrx_word' id='word_1_225' title='bbox 993 3572 1259 3639; x_wconf 89' lang='lat' dir='ltr'><strong>commorantur,</strong></span> <span class='ocrx_word' id='word_1_226' title='bbox 1283 3559 1383 3624; x_wconf 89' lang='lat' dir='ltr'><strong>simul</strong></span> <span class='ocrx_word' id='word_1_227' title='bbox 1412 3560 1455 3625; x_wconf 91' lang='lat' dir='ltr'><strong>ad</strong></span> 
     </span>
     <span class='ocr_line' id='line_1_28' title="bbox 225 3674 1456 3755; baseline -0.001 -15"><span class='ocrx_word' id='word_1_228' title='bbox 225 3679 390 3744; x_wconf 89' lang='lat' dir='ltr'><strong>honestos</strong></span> <span class='ocrx_word' id='word_1_229' title='bbox 407 3686 442 3744; x_wconf 91' lang='lat' dir='ltr'><strong>et</strong></span> <span class='ocrx_word' id='word_1_230' title='bbox 458 3697 538 3741; x_wconf 92' lang='lat' dir='ltr'><strong>vere</strong></span> <span class='ocrx_word' id='word_1_231' title='bbox 555 3674 760 3742; x_wconf 88' lang='lat' dir='ltr'><strong>christianos</strong></span> <span class='ocrx_word' id='word_1_232' title='bbox 776 3697 887 3742; x_wconf 89' lang='lat' dir='ltr'><strong>mores</strong></span> <span class='ocrx_word' id='word_1_233' title='bbox 908 3675 1098 3755; x_wconf 87' lang='lat' dir='ltr'><strong>informari,</strong></span> <span class='ocrx_word' id='word_1_234' title='bbox 1117 3686 1152 3744; x_wconf 91' lang='lat' dir='ltr'><strong>et</strong></span> <span class='ocrx_word' id='word_1_235' title='bbox 1173 3678 1215 3742; x_wconf 88' lang='lat' dir='ltr'><strong>ad</strong></span> <span class='ocrx_word' id='word_1_236' title='bbox 1236 3675 1378 3742; x_wconf 90' lang='lat' dir='ltr'><strong>solidam</strong></span> <span class='ocrx_word' id='word_1_237' title='bbox 1400 3697 1456 3742; x_wconf 92' lang='lat' dir='ltr'><strong>sa-</strong></span> 
     </span>
     <span class='ocr_line' id='line_1_29' title="bbox 225 3791 1457 3877; baseline 0 -21"><span class='ocrx_word' id='word_1_238' title='bbox 225 3812 360 3858; x_wconf 89' lang='lat' dir='ltr'><strong>crarum</strong></span> <span class='ocrx_word' id='word_1_239' title='bbox 380 3793 570 3859; x_wconf 86' lang='lat' dir='ltr'><strong>litterarum</strong></span> <span class='ocrx_word' id='word_1_240' title='bbox 589 3791 814 3860; x_wconf 89' lang='lat' dir='ltr'><strong>eruditionem</strong></span> <span class='ocrx_word' id='word_1_241' title='bbox 833 3792 956 3858; x_wconf 88' lang='lat' dir='ltr'><strong>adduci</strong></span> <span class='ocrx_word' id='word_1_242' title='bbox 973 3792 1140 3877; x_wconf 90' lang='lat' dir='ltr'><strong>singulari</strong></span> <span class='ocrx_word' id='word_1_243' title='bbox 1156 3812 1234 3858; x_wconf 92' lang='lat' dir='ltr'><strong>cum</strong></span> <span class='ocrx_word' id='word_1_244' title='bbox 1248 3793 1315 3858; x_wconf 88' lang='lat' dir='ltr'><strong>tide</strong></span> <span class='ocrx_word' id='word_1_245' title='bbox 1327 3802 1361 3859; x_wconf 92' lang='lat' dir='ltr'><strong>et</strong></span> <span class='ocrx_word' id='word_1_246' title='bbox 1374 3811 1457 3857; x_wconf 91' lang='lat' dir='ltr'><strong>cura</strong></span> 
     </span>
     <span class='ocr_line' id='line_1_30' title="bbox 226 3908 1455 3994; baseline -0.002 -20"><span class='ocrx_word' id='word_1_247' title='bbox 226 3918 377 3993; x_wconf 89' lang='lat' dir='ltr'><strong>possent.</strong></span> <span class='ocrx_word' id='word_1_248' title='bbox 394 3910 444 3974; x_wconf 85' lang='lat' dir='ltr'><strong>Ex</strong></span> <span class='ocrx_word' id='word_1_249' title='bbox 457 3909 582 3993; x_wconf 91' lang='lat' dir='ltr'><strong>quibus</strong></span> <span class='ocrx_word' id='word_1_250' title='bbox 594 3931 678 3976; x_wconf 88' lang='lat' dir='ltr'><strong>sane</strong></span> <span class='ocrx_word' id='word_1_251' title='bbox 690 3908 845 3994; x_wconf 90' lang='lat' dir='ltr'><strong>collegiis</strong></span> <span class='ocrx_word' id='word_1_252' title='bbox 858 3921 940 3974; x_wconf 90' lang='lat' dir='ltr'><strong>sunt</strong></span> <span class='ocrx_word' id='word_1_253' title='bbox 952 3908 987 3973; x_wconf 93' lang='lat' dir='ltr'><strong>in</strong></span> <span class='ocrx_word' id='word_1_254' title='bbox 1001 3908 1178 3994; x_wconf 91' lang='lat' dir='ltr'><strong>Hispaniis</strong></span> <span class='ocrx_word' id='word_1_255' title='bbox 1190 3908 1333 3992; x_wconf 91' lang='lat' dir='ltr'><strong>aliquot,</strong></span> <span class='ocrx_word' id='word_1_256' title='bbox 1349 3929 1455 3972; x_wconf 92' lang='lat' dir='ltr'><strong>unum</strong></span> 
     </span>
    </p>
   </div>
   <div class='ocr_carea' id='block_1_3' title="bbox 227 4093 423 4106">
    <p class='ocr_par' dir='ltr' id='par_1_3' title="bbox 227 4093 423 4106">
     <span class='ocr_line' id='line_1_31' title="bbox 227 4093 423 4106; baseline 0 -2"><span class='ocrx_word' id='word_1_257' title='bbox 227 4093 423 4106; x_wconf 57' lang='lat' dir='ltr'><strong>h——a—-nu—</strong></span> 
     </span>
    </p>
   </div>
   <div class='ocr_carea' id='block_1_4' title="bbox 224 4202 1458 4812">
    <p class='ocr_par' dir='ltr' id='par_1_4' title="bbox 224 4202 1458 4724">
     <span class='ocr_line' id='line_1_32' title="bbox 225 4202 1458 4274; baseline 0 -17"><span class='ocrx_word' id='word_1_258' title='bbox 225 4203 255 4258; x_wconf 90' lang='lat' dir='ltr'><strong>in</strong></span> <span class='ocrx_word' id='word_1_259' title='bbox 269 4213 369 4259; x_wconf 92' lang='lat' dir='ltr'><strong>annot.</strong></span> <span class='ocrx_word' id='word_1_260' title='bbox 387 4217 396 4258; x_wconf 92' lang='lat'>1</span> <span class='ocrx_word' id='word_1_261' title='bbox 414 4205 486 4260; x_wconf 88' lang='lat' dir='ltr'><strong>haec</strong></span> <span class='ocrx_word' id='word_1_262' title='bbox 499 4206 647 4274; x_wconf 86' lang='lat' dir='ltr'><strong>leguntur:</strong></span> <span class='ocrx_word' id='word_1_263' title='bbox 663 4207 725 4259; x_wconf 85' lang='lat' dir='ltr'><strong>«En</strong></span> <span class='ocrx_word' id='word_1_264' title='bbox 739 4206 781 4260; x_wconf 90' lang='lat' dir='ltr'><strong>los</strong></span> <span class='ocrx_word' id='word_1_265' title='bbox 800 4205 935 4260; x_wconf 85' lang='lat' dir='ltr'><strong>archivos</strong></span> <span class='ocrx_word' id='word_1_266' title='bbox 948 4204 996 4261; x_wconf 88' lang='lat' dir='ltr'><strong>del</strong></span> <span class='ocrx_word' id='word_1_267' title='bbox 1013 4205 1096 4259; x_wconf 89' lang='lat' dir='ltr'><strong>reino</strong></span> <span class='ocrx_word' id='word_1_268' title='bbox 1109 4206 1146 4259; x_wconf 90' lang='lat' dir='ltr'><strong>de</strong></span> <span class='ocrx_word' id='word_1_269' title='bbox 1161 4205 1281 4274; x_wconf 81' lang='lat' dir='ltr'><strong>Belgica</strong></span> <span class='ocrx_word' id='word_1_270' title='bbox 1301 4221 1333 4257; x_wconf 90' lang='lat' dir='ltr'><strong>se</strong></span> <span class='ocrx_word' id='word_1_271' title='bbox 1345 4202 1458 4274; x_wconf 86' lang='lat' dir='ltr'><strong>guarda</strong></span> 
     </span>
     <span class='ocr_line' id='line_1_33' title="bbox 225 4293 1456 4366; baseline -0.001 -18"><span class='ocrx_word' id='word_1_272' title='bbox 225 4295 252 4348; x_wconf 86' lang='lat' dir='ltr'><strong>el</strong></span> <span class='ocrx_word' id='word_1_273' title='bbox 267 4293 390 4363; x_wconf 88' lang='lat' dir='ltr'><strong>original</strong></span> <span class='ocrx_word' id='word_1_274' title='bbox 404 4293 442 4348; x_wconf 91' lang='lat' dir='ltr'><strong>de</strong></span> <span class='ocrx_word' id='word_1_275' title='bbox 455 4305 519 4348; x_wconf 86' lang='lat' dir='ltr'><strong>este</strong></span> <span class='ocrx_word' id='word_1_276' title='bbox 537 4295 724 4361; x_wconf 89' lang='lat' dir='ltr'><strong>documento,</strong></span> <span class='ocrx_word' id='word_1_277' title='bbox 739 4293 895 4364; x_wconf 86' lang='lat' dir='ltr'><strong>publicado</strong></span> <span class='ocrx_word' id='word_1_278' title='bbox 909 4311 961 4366; x_wconf 93' lang='lat' dir='ltr'><strong>por</strong></span> <span class='ocrx_word' id='word_1_279' title='bbox 975 4295 1100 4366; x_wconf 88' lang='lat' dir='ltr'><strong>primera</strong></span> <span class='ocrx_word' id='word_1_280' title='bbox 1114 4311 1169 4348; x_wconf 87' lang='lat' dir='ltr'><strong>vez</strong></span> <span class='ocrx_word' id='word_1_281' title='bbox 1187 4312 1224 4348; x_wconf 89' lang='lat' dir='ltr'><strong>en</strong></span> <span class='ocrx_word' id='word_1_282' title='bbox 1243 4297 1270 4348; x_wconf 87' lang='lat' dir='ltr'><strong>lu</strong></span> <span class='ocrx_word' id='word_1_283' title='bbox 1283 4293 1405 4346; x_wconf 88' lang='lat' dir='ltr'><strong>Revista</strong></span> <span class='ocrx_word' id='word_1_284' title='bbox 1418 4293 1456 4347; x_wconf 87' lang='lat' dir='ltr'><strong>de</strong></span> 
     </span>
     <span class='ocr_line' id='line_1_34' title="bbox 226 4381 1457 4455; baseline -0.003 -17"><span class='ocrx_word' id='word_1_285' title='bbox 226 4385 375 4450; x_wconf 86' lang='lat' dir='ltr'><strong>Bruselas,</strong></span> <span class='ocrx_word' id='word_1_286' title='bbox 389 4384 487 4438; x_wconf 83' lang='lat' dir='ltr'><strong>Marzo</strong></span> <span class='ocrx_word' id='word_1_287' title='bbox 504 4383 582 4452; x_wconf 78' lang='lat'><strong>1840,</strong></span> <span class='ocrx_word' id='word_1_288' title='bbox 597 4400 625 4455; x_wconf 91' lang='lat' dir='ltr'><strong>p.</strong></span> <span class='ocrx_word' id='word_1_289' title='bbox 646 4397 681 4451; x_wconf 80' lang='lat'><strong>70</strong></span> <span class='ocrx_word' id='word_1_290' title='bbox 699 4401 718 4454; x_wconf 93' lang='lat' dir='ltr'>y</span> <span class='ocrx_word' id='word_1_291' title='bbox 733 4384 926 4452; x_wconf 84' lang='lat' dir='ltr'><strong>siguientes.o</strong></span> <span class='ocrx_word' id='word_1_292' title='bbox 946 4384 1139 4438; x_wconf 84' lang='lat' dir='ltr'><strong>Desideratur</strong></span> <span class='ocrx_word' id='word_1_293' title='bbox 1156 4383 1275 4454; x_wconf 90' lang='lat' dir='ltr'><strong>quidem</strong></span> <span class='ocrx_word' id='word_1_294' title='bbox 1288 4381 1457 4452; x_wconf 82' lang='lat' dir='ltr'><strong>scriptionis</strong></span> 
     </span>
     <span class='ocr_line' id='line_1_35' title="bbox 226 4472 1457 4545; baseline -0.002 -17"><span class='ocrx_word' id='word_1_295' title='bbox 226 4481 352 4544; x_wconf 80' lang='lat' dir='ltr'><strong>tempus,</strong></span> <span class='ocrx_word' id='word_1_296' title='bbox 367 4490 429 4545; x_wconf 38' lang='lat' dir='ltr'><strong>quo,</strong></span> <span class='ocrx_word' id='word_1_297' title='bbox 439 4473 506 4527; x_wconf 87' lang='lat' dir='ltr'><strong>data</strong></span> <span class='ocrx_word' id='word_1_298' title='bbox 520 4473 644 4544; x_wconf 89' lang='lat' dir='ltr'><strong>epistola</strong></span> <span class='ocrx_word' id='word_1_299' title='bbox 658 4481 715 4539; x_wconf 87' lang='lat' dir='ltr'><strong>est;</strong></span> <span class='ocrx_word' id='word_1_300' title='bbox 730 4473 826 4527; x_wconf 89' lang='lat' dir='ltr'><strong>eidem</strong></span> <span class='ocrx_word' id='word_1_301' title='bbox 840 4481 939 4528; x_wconf 88' lang='lat' dir='ltr'><strong>tamen</strong></span> <span class='ocrx_word' id='word_1_302' title='bbox 952 4473 1037 4528; x_wconf 83' lang='lat' dir='ltr'><strong>diem</strong></span> <span class='ocrx_word' id='word_1_303' title='bbox 1045 4472 1205 4544; x_wconf 87' lang='lat' dir='ltr'><strong>superioris</strong></span> <span class='ocrx_word' id='word_1_304' title='bbox 1219 4472 1361 4544; x_wconf 87' lang='lat' dir='ltr'><strong>epistolae</strong></span> <span class='ocrx_word' id='word_1_305' title='bbox 1376 4489 1457 4542; x_wconf 87' lang='lat' dir='ltr'><strong>prae·</strong></span> 
     </span>
     <span class='ocr_line' id='line_1_36' title="bbox 224 4556 1457 4634; baseline -0.002 -18"><span class='ocrx_word' id='word_1_306' title='bbox 224 4562 353 4634; x_wconf 82' lang='lat' dir='ltr'><strong>figimus,</strong></span> <span class='ocrx_word' id='word_1_307' title='bbox 368 4563 437 4634; x_wconf 90' lang='lat' dir='ltr'><strong>quia</strong></span> <span class='ocrx_word' id='word_1_308' title='bbox 456 4561 541 4616; x_wconf 89' lang='lat' dir='ltr'><strong>simul</strong></span> <span class='ocrx_word' id='word_1_309' title='bbox 556 4579 623 4616; x_wconf 92' lang='lat' dir='ltr'><strong>cum</strong></span> <span class='ocrx_word' id='word_1_310' title='bbox 644 4579 678 4616; x_wconf 84' lang='lat' dir='ltr'><strong>ea</strong></span> <span class='ocrx_word' id='word_1_311' title='bbox 696 4556 733 4615; x_wconf 88' lang='lat' dir='ltr'><strong>ad</strong></span> <span class='ocrx_word' id='word_1_312' title='bbox 752 4560 954 4616; x_wconf 87' lang='lat' dir='ltr'><strong>Salmerunem</strong></span> <span class='ocrx_word' id='word_1_313' title='bbox 968 4562 1056 4617; x_wconf 84' lang='lat' dir='ltr'><strong>missa</strong></span> <span class='ocrx_word' id='word_1_314' title='bbox 1074 4560 1140 4632; x_wconf 84' lang='lat' dir='ltr'><strong>fuit,</strong></span> <span class='ocrx_word' id='word_1_315' title='bbox 1155 4570 1188 4615; x_wconf 92' lang='lat' dir='ltr'><strong>ut</strong></span> <span class='ocrx_word' id='word_1_316' title='bbox 1202 4559 1297 4632; x_wconf 89' lang='lat' dir='ltr'><strong>Belgii</strong></span> <span class='ocrx_word' id='word_1_317' title='bbox 1311 4562 1457 4630; x_wconf 87' lang='lat' dir='ltr'><strong>guberna·</strong></span> 
     </span>
     <span class='ocr_line' id='line_1_37' title="bbox 225 4650 728 4724; baseline -0.002 -18"><span class='ocrx_word' id='word_1_318' title='bbox 225 4651 290 4706; x_wconf 90' lang='lat' dir='ltr'><strong>trici</strong></span> <span class='ocrx_word' id='word_1_319' title='bbox 304 4660 372 4724; x_wconf 87' lang='lat' dir='ltr'><strong>apte</strong></span> <span class='ocrx_word' id='word_1_320' title='bbox 384 4651 532 4723; x_wconf 89' lang='lat' dir='ltr'><strong>descripta</strong></span> <span class='ocrx_word' id='word_1_321' title='bbox 546 4650 728 4706; x_wconf 87' lang='lat' dir='ltr'><strong>redderetur.</strong></span> 
     </span>
    </p>

    <p class='ocr_par' dir='ltr' id='par_1_5' title="bbox 278 4739 764 4812">
     <span class='ocr_line' id='line_1_38' title="bbox 278 4739 764 4812; baseline 0.008 -18"><span class='ocrx_word' id='word_1_322' title='bbox 278 4741 289 4775; x_wconf 87' lang='lat'><strong>¹</strong></span> <span class='ocrx_word' id='word_1_323' title='bbox 326 4739 497 4812; x_wconf 75' lang='lat' dir='ltr'><strong>liudulphus</strong></span> <span class='ocrx_word' id='word_1_324' title='bbox 511 4740 580 4795; x_wconf 86' lang='lat' dir='ltr'><strong>Pius</strong></span> <span class='ocrx_word' id='word_1_325' title='bbox 595 4739 764 4810; x_wconf 87' lang='lat' dir='ltr'><strong>Carpensis.</strong></span> 
     </span>
    </p>
   </div>
   <div class='ocr_carea' id='block_1_5' title="bbox 0 0 1834 5417">
    <p class='ocr_par' dir='ltr' id='par_1_6' title="bbox 0 0 1834 5417">
     <span class='ocr_line' id='line_1_39' title="bbox 0 0 1834 5417; baseline 0 0"><span class='ocrx_word' id='word_1_326' title='bbox 0 0 1834 5417; x_wconf 95' lang='lat' dir='ltr'><strong> </strong></span> 
     </span>
    </p>
   </div>
  </div>
 </body>
</html>
