<?xml version="1.0" encoding="UTF-8"?>
<!DOCTYPE html PUBLIC "-//W3C//DTD XHTML 1.0 Transitional//EN"
    "http://www.w3.org/TR/xhtml1/DTD/xhtml1-transitional.dtd">
<html xmlns="http://www.w3.org/1999/xhtml" xml:lang="en" lang="en">
 <head>
  <title>
</title>
<meta http-equiv="Content-Type" content="text/html;charset=utf-8" />
  <meta name='ocr-system' content='tesseract 3.04.00' />
  <meta name='ocr-capabilities' content='ocr_page ocr_carea ocr_par ocr_line ocrx_word'/>
</head>
<body>
  <div class='ocr_page' id='page_1' title='image "./monumentaignati00unkngoog_0040.png"; bbox 0 0 3634 5417; ppageno 0'>
   <div class='ocr_carea' id='block_1_1' title="bbox 401 480 1185 551">
    <p class='ocr_par' dir='ltr' id='par_1_1' title="bbox 401 480 1185 551">
     <span class='ocr_line' id='line_1_1' title="bbox 401 480 1185 551; baseline -0.003 -15"><span class='ocrx_word' id='word_1_1' title='bbox 401 480 435 551; x_wconf 80' lang='grc'><strong>34</strong></span> <span class='ocrx_word' id='word_1_2' title='bbox 782 481 989 540; x_wconf 67' lang='lat' dir='ltr'><strong>nonnarum</strong></span> <span class='ocrx_word' id='word_1_3' title='bbox 1008 481 1185 535; x_wconf 77' lang='lat' dir='ltr'><strong>Iaunrrsun</strong></span> 
     </span>
    </p>
   </div>
   <div class='ocr_carea' id='block_1_2' title="bbox 435 631 1267 831">
    <p class='ocr_par' dir='ltr' id='par_1_2' title="bbox 435 631 1267 831">
     <span class='ocr_line' id='line_1_2' title="bbox 435 631 860 720; baseline 0 -21"><span class='ocrx_word' id='word_1_4' title='bbox 435 632 487 700; x_wconf 79' lang='lat'><strong>2.¹&#39;</strong></span> <span class='ocrx_word' id='word_1_5' title='bbox 533 631 720 720; x_wconf 73' lang='lat' dir='ltr'><strong>Quadiese</strong></span> <span class='ocrx_word' id='word_1_6' title='bbox 736 632 860 720; x_wconf 87' lang='lat' dir='ltr'><strong>priesa.</strong></span> 
     </span>
     <span class='ocr_line' id='line_1_3' title="bbox 585 732 1267 831; baseline -0.006 -14"><span class='ocrx_word' id='word_1_7' title='bbox 585 732 592 757; x_wconf 66' lang='grc'><em>’</em></span> <span class='ocrx_word' id='word_1_8' title='bbox 702 748 917 831; x_wconf 76' lang='lat' dir='ltr'><strong>aniadasa</strong></span> <span class='ocrx_word' id='word_1_9' title='bbox 937 750 1036 819; x_wconf 73' lang='lat' dir='ltr'><strong>rade</strong></span> <span class='ocrx_word' id='word_1_10' title='bbox 1051 747 1267 816; x_wconf 83' lang='lat' dir='ltr'><strong>Daziembre.</strong></span> 
     </span>
    </p>
   </div>
   <div class='ocr_carea' id='block_1_3' title="bbox 657 947 1315 1156">
    <p class='ocr_par' dir='ltr' id='par_1_3' title="bbox 657 947 1315 1156">
     <span class='ocr_line' id='line_1_4' title="bbox 932 947 1037 1028; baseline 0 -1"><span class='ocrx_word' id='word_1_11' title='bbox 932 947 1037 1028; x_wconf 78' lang='lat'>227⁰</span> 
     </span>
     <span class='ocr_line' id='line_1_5' title="bbox 657 1086 1315 1156; baseline 0.002 -1"><span class='ocrx_word' id='word_1_12' title='bbox 657 1090 803 1156; x_wconf 81' lang='lat' dir='ltr'><strong>nuci</strong></span> <span class='ocrx_word' id='word_1_13' title='bbox 842 1086 1315 1156; x_wconf 72' lang='lat' dir='ltr'><strong>Mourlstaours</strong></span> 
     </span>
    </p>
   </div>
   <div class='ocr_carea' id='block_1_4' title="bbox 748 1236 1224 1308">
    <p class='ocr_par' dir='ltr' id='par_1_4' title="bbox 748 1236 1224 1308">
     <span class='ocr_line' id='line_1_6' title="bbox 748 1236 1224 1308; baseline -0.004 -15"><span class='ocrx_word' id='word_1_14' title='bbox 748 1251 837 1295; x_wconf 74' lang='lat' dir='ltr'><strong>sous</strong></span> <span class='ocrx_word' id='word_1_15' title='bbox 859 1236 891 1293; x_wconf 87' lang='lat'><strong>13</strong></span> <span class='ocrx_word' id='word_1_16' title='bbox 910 1250 1092 1293; x_wconf 69' lang='lat' dir='ltr'><strong>occasurus</strong></span> <span class='ocrx_word' id='word_1_17' title='bbox 1114 1251 1180 1308; x_wconf 84' lang='lat'>1551</span> <span class='ocrx_word' id='word_1_18' title='bbox 1204 1242 1224 1291; x_wconf 86' lang='lat'><strong>¹.</strong></span> 
     </span>
    </p>
   </div>
   <div class='ocr_carea' id='block_1_5' title="bbox 373 1369 1608 1622">
    <p class='ocr_par' dir='ltr' id='par_1_5' title="bbox 373 1369 1608 1622">
     <span class='ocr_line' id='line_1_7' title="bbox 373 1369 1607 1453; baseline 0.003 -28"><span class='ocrx_word' id='word_1_19' title='bbox 373 1372 536 1453; x_wconf 70' lang='lat' dir='ltr'><strong>Bobadilla</strong></span> <span class='ocrx_word' id='word_1_20' title='bbox 549 1376 577 1425; x_wconf 80' lang='lat' dir='ltr'><strong>ei</strong></span> <span class='ocrx_word' id='word_1_21' title='bbox 593 1370 736 1435; x_wconf 81' lang='lat' dir='ltr'><strong>Oviedas,</strong></span> <span class='ocrx_word' id='word_1_22' title='bbox 751 1371 911 1443; x_wconf 75' lang='lat' dir='ltr'><em>Neapolim</em></span> <span class='ocrx_word' id='word_1_23' title='bbox 925 1369 1081 1435; x_wconf 75' lang='lat' dir='ltr'><strong>destinati,</strong></span> <span class='ocrx_word' id='word_1_24' title='bbox 1099 1372 1491 1429; x_wconf 69' lang='lat' dir='ltr'><strong>commendantem-Uada</strong></span> <span class='ocrx_word' id='word_1_25' title='bbox 1508 1376 1607 1429; x_wconf 80' lang='lat' dir='ltr'><strong>maxi·</strong></span> 
     </span>
     <span class='ocr_line' id='line_1_8' title="bbox 425 1459 1608 1534; baseline 0.002 -19"><span class='ocrx_word' id='word_1_26' title='bbox 425 1478 472 1515; x_wconf 81' lang='lat' dir='ltr'><strong>ms</strong></span> <span class='ocrx_word' id='word_1_27' title='bbox 484 1464 628 1533; x_wconf 77' lang='lat' dir='ltr'><strong>exspectet</strong></span> <span class='ocrx_word' id='word_1_28' title='bbox 642 1461 784 1533; x_wconf 78' lang='lat' dir='ltr'><strong>ignatius</strong></span> <span class='ocrx_word' id='word_1_29' title='bbox 797 1461 968 1515; x_wconf 80' lang='lat' dir='ltr'><strong>uberrimos</strong></span> <span class='ocrx_word' id='word_1_30' title='bbox 979 1459 1084 1529; x_wconf 70' lang='lat' dir='ltr'><strong>futuri</strong></span> <span class='ocrx_word' id='word_1_31' title='bbox 1095 1460 1218 1534; x_wconf 81' lang='lat' dir='ltr'><strong>collegii</strong></span> <span class='ocrx_word' id='word_1_32' title='bbox 1224 1460 1353 1533; x_wconf 81' lang='lat' dir='ltr'><strong>fractas</strong></span> <span class='ocrx_word' id='word_1_33' title='bbox 1370 1464 1608 1518; x_wconf 76' lang='lat' dir='ltr'><strong>demetendos.-</strong></span> 
     </span>
     <span class='ocr_line' id='line_1_9' title="bbox 425 1548 1159 1622; baseline -0.001 -17"><span class='ocrx_word' id='word_1_34' title='bbox 425 1550 585 1605; x_wconf 81' lang='lat' dir='ltr'><strong>Salmaron</strong></span> <span class='ocrx_word' id='word_1_35' title='bbox 598 1567 689 1621; x_wconf 82' lang='lat' dir='ltr'><strong>quam</strong></span> <span class='ocrx_word' id='word_1_36' title='bbox 700 1549 840 1619; x_wconf 72' lang='lat' dir='ltr'><strong>primum</strong></span> <span class='ocrx_word' id='word_1_37' title='bbox 854 1550 948 1622; x_wconf 76' lang='lat' dir='ltr'><strong>possit</strong></span> <span class='ocrx_word' id='word_1_38' title='bbox 959 1550 1036 1604; x_wconf 81' lang='lat' dir='ltr'><strong>illuc</strong></span> <span class='ocrx_word' id='word_1_39' title='bbox 1047 1548 1159 1604; x_wconf 76' lang='lat' dir='ltr'><strong>iturus.</strong></span> 
     </span>
    </p>
   </div>
   <div class='ocr_carea' id='block_1_6' title="bbox 945 1692 1022 1835">
    <p class='ocr_par' dir='ltr' id='par_1_6' title="bbox 945 1692 1022 1835">
     <span class='ocr_line' id='line_1_10' title="bbox 945 1692 1022 1835; baseline 0.065 -24"><span class='ocrx_word' id='word_1_40' title='bbox 945 1692 1022 1835; x_wconf 75' lang='lat' dir='ltr'><strong>Jlis</strong></span> 
     </span>
    </p>
   </div>
   <div class='ocr_carea' id='block_1_7' title="bbox 284 1908 1624 3727">
    <p class='ocr_par' dir='ltr' id='par_1_7' title="bbox 440 1908 1132 1995">
     <span class='ocr_line' id='line_1_11' title="bbox 440 1908 1132 1995; baseline -0.001 -21"><span class='ocrx_word' id='word_1_41' title='bbox 440 1910 546 1977; x_wconf 89' lang='lat' dir='ltr'><strong>lllmo.</strong></span> <span class='ocrx_word' id='word_1_42' title='bbox 565 1908 634 1974; x_wconf 90' lang='lat' dir='ltr'><strong>mio</strong></span> <span class='ocrx_word' id='word_1_43' title='bbox 651 1908 770 1995; x_wconf 83' lang='lat' dir='ltr'><strong>signor</strong></span> <span class='ocrx_word' id='word_1_44' title='bbox 787 1908 843 1973; x_wconf 89' lang='lat' dir='ltr'><strong>nel</strong></span> <span class='ocrx_word' id='word_1_45' title='bbox 860 1908 987 1993; x_wconf 85' lang='lat' dir='ltr'><strong>Signor</strong></span> <span class='ocrx_word' id='word_1_46' title='bbox 1003 1920 1132 1973; x_wconf 87' lang='lat' dir='ltr'><strong>nostro.</strong></span> 
     </span>
    </p>

    <p class='ocr_par' dir='ltr' id='par_1_8' title="bbox 372 2020 1624 2226">
     <span class='ocr_line' id='line_1_12' title="bbox 439 2020 1624 2110; baseline -0.007 -18"><span class='ocrx_word' id='word_1_47' title='bbox 439 2027 488 2092; x_wconf 92' lang='lat' dir='ltr'><strong>La</strong></span> <span class='ocrx_word' id='word_1_48' title='bbox 503 2020 638 2090; x_wconf 85' lang='lat' dir='ltr'><strong>surnma</strong></span> <span class='ocrx_word' id='word_1_49' title='bbox 654 2022 764 2110; x_wconf 84' lang='lat' dir='ltr'><strong>gratia</strong></span> <span class='ocrx_word' id='word_1_50' title='bbox 781 2035 816 2091; x_wconf 87' lang='lat' dir='ltr'><strong>et</strong></span> <span class='ocrx_word' id='word_1_51' title='bbox 831 2044 947 2090; x_wconf 87' lang='lat' dir='ltr'><strong>amore</strong></span> <span class='ocrx_word' id='word_1_52' title='bbox 962 2034 1082 2091; x_wconf 89' lang='lat' dir='ltr'><strong>eterno</strong></span> <span class='ocrx_word' id='word_1_53' title='bbox 1098 2025 1141 2091; x_wconf 82' lang='lat' dir='ltr'><strong>de</strong></span> <span class='ocrx_word' id='word_1_54' title='bbox 1158 2026 1223 2091; x_wconf 91' lang='lat' dir='ltr'><strong>X.⁰</strong></span> <span class='ocrx_word' id='word_1_55' title='bbox 1240 2024 1285 2090; x_wconf 92' lang='lat' dir='ltr'><strong>N.</strong></span> <span class='ocrx_word' id='word_1_56' title='bbox 1308 2026 1345 2093; x_wconf 86' lang='lat' dir='ltr'><strong>S.</strong></span> <span class='ocrx_word' id='word_1_57' title='bbox 1369 2026 1473 2091; x_wconf 89' lang='lat' dir='ltr'><strong>saluti</strong></span> <span class='ocrx_word' id='word_1_58' title='bbox 1497 2041 1532 2093; x_wconf 87' lang='lat' dir='ltr'><strong>et</strong></span> <span class='ocrx_word' id='word_1_59' title='bbox 1552 2021 1604 2090; x_wconf 68' lang='lat' dir='ltr'><strong>viss</strong></span> <span class='ocrx_word' id='word_1_60' title='bbox 1622 2079 1624 2084; x_wconf 90' lang='lat'><strong>.</strong></span> 
     </span>
     <span class='ocr_line' id='line_1_13' title="bbox 372 2137 1558 2226; baseline 0.003 -23"><span class='ocrx_word' id='word_1_61' title='bbox 372 2139 428 2205; x_wconf 88' lang='lat' dir='ltr'><strong>siti</strong></span> <span class='ocrx_word' id='word_1_62' title='bbox 445 2142 488 2205; x_wconf 92' lang='lat' dir='ltr'><strong>V.</strong></span> <span class='ocrx_word' id='word_1_63' title='bbox 503 2140 591 2208; x_wconf 87' lang='lat' dir='ltr'><strong>Sria.</strong></span> <span class='ocrx_word' id='word_1_64' title='bbox 607 2141 712 2206; x_wconf 89' lang='lat' dir='ltr'><strong>lllma.</strong></span> <span class='ocrx_word' id='word_1_65' title='bbox 727 2160 792 2204; x_wconf 87' lang='lat' dir='ltr'><strong>con</strong></span> <span class='ocrx_word' id='word_1_66' title='bbox 809 2137 885 2205; x_wconf 87' lang='lat' dir='ltr'><strong>suoi</strong></span> <span class='ocrx_word' id='word_1_67' title='bbox 901 2138 1085 2205; x_wconf 86' lang='lat' dir='ltr'><strong>santissimi</strong></span> <span class='ocrx_word' id='word_1_68' title='bbox 1102 2139 1183 2204; x_wconf 92' lang='lat' dir='ltr'><strong>doni</strong></span> <span class='ocrx_word' id='word_1_69' title='bbox 1199 2151 1234 2207; x_wconf 86' lang='lat' dir='ltr'><strong>et</strong></span> <span class='ocrx_word' id='word_1_70' title='bbox 1250 2140 1363 2226; x_wconf 86' lang='lat' dir='ltr'><strong>gratie</strong></span> <span class='ocrx_word' id='word_1_71' title='bbox 1378 2140 1558 2226; x_wconf 85' lang='lat' dir='ltr'><strong>spirituali.</strong></span> 
     </span>
    </p>

    <p class='ocr_par' dir='ltr' id='par_1_9' title="bbox 284 2253 1616 2917">
     <span class='ocr_line' id='line_1_14' title="bbox 445 2253 1607 2343; baseline 0.002 -21"><span class='ocrx_word' id='word_1_72' title='bbox 445 2258 584 2324; x_wconf 78' lang='lat' dir='ltr'><strong>Benche</strong></span> <span class='ocrx_word' id='word_1_73' title='bbox 609 2278 680 2341; x_wconf 49' lang='lat' dir='ltr'><strong>per*</strong></span> <span class='ocrx_word' id='word_1_74' title='bbox 696 2256 718 2320; x_wconf 93' lang='lat' dir='ltr'><strong>li</strong></span> <span class='ocrx_word' id='word_1_75' title='bbox 746 2254 853 2321; x_wconf 85' lang='lat' dir='ltr'><strong>nostri</strong></span> <span class='ocrx_word' id='word_1_76' title='bbox 881 2258 981 2341; x_wconf 82' lang='lat' dir='ltr'><strong>potrd</strong></span> <span class='ocrx_word' id='word_1_77' title='bbox 1008 2254 1067 2341; x_wconf 79' lang='lat' dir='ltr'><strong>piu</strong></span> <span class='ocrx_word' id='word_1_78' title='bbox 1095 2256 1337 2326; x_wconf 86' lang='lat' dir='ltr'><strong>diffusamente</strong></span> <span class='ocrx_word' id='word_1_79' title='bbox 1364 2253 1564 2343; x_wconf 78' lang='lat' dir='ltr'><strong>risporldere</strong></span> <span class='ocrx_word' id='word_1_80' title='bbox 1587 2282 1607 2324; x_wconf 89' lang='lat' dir='ltr'><strong>a</strong></span> 
     </span>
     <span class='ocr_line' id='line_1_15' title="bbox 379 2359 1607 2455; baseline 0.004 -19"><span class='ocrx_word' id='word_1_81' title='bbox 379 2373 492 2455; x_wconf 86' lang='lat' dir='ltr'><strong>quella</strong></span> <span class='ocrx_word' id='word_1_82' title='bbox 508 2359 572 2439; x_wconf 84' lang='lat' dir='ltr'><strong>elie</strong></span> <span class='ocrx_word' id='word_1_83' title='bbox 588 2375 634 2437; x_wconf 90' lang='lat' dir='ltr'><strong>ho</strong></span> <span class='ocrx_word' id='word_1_84' title='bbox 651 2372 807 2439; x_wconf 90' lang='lat' dir='ltr'><strong>riceuuto</strong></span> <span class='ocrx_word' id='word_1_85' title='bbox 823 2370 998 2455; x_wconf 89' lang='lat' dir='ltr'><strong>duplicata</strong></span> <span class='ocrx_word' id='word_1_86' title='bbox 1009 2373 1053 2436; x_wconf 87' lang='lat' dir='ltr'><strong>de</strong></span> <span class='ocrx_word' id='word_1_87' title='bbox 1065 2373 1108 2438; x_wconf 94' lang='lat' dir='ltr'><strong>V.</strong></span> <span class='ocrx_word' id='word_1_88' title='bbox 1125 2371 1213 2439; x_wconf 86' lang='lat' dir='ltr'><strong>sria.</strong></span> <span class='ocrx_word' id='word_1_89' title='bbox 1228 2372 1351 2453; x_wconf 89' lang='lat' dir='ltr'><strong>Illma.,</strong></span> <span class='ocrx_word' id='word_1_90' title='bbox 1367 2372 1441 2439; x_wconf 82' lang='lat' dir='ltr'><strong>diro</strong></span> <span class='ocrx_word' id='word_1_91' title='bbox 1453 2373 1489 2439; x_wconf 90' lang='lat' dir='ltr'><strong>in</strong></span> <span class='ocrx_word' id='word_1_92' title='bbox 1500 2374 1607 2441; x_wconf 88' lang='lat' dir='ltr'><strong>breue</strong></span> 
     </span>
     <span class='ocr_line' id='line_1_16' title="bbox 375 2470 1616 2573; baseline 0.003 -23"><span class='ocrx_word' id='word_1_93' title='bbox 375 2509 437 2571; x_wconf 87' lang='lat' dir='ltr'><strong>per</strong></span> <span class='ocrx_word' id='word_1_94' title='bbox 452 2486 483 2552; x_wconf 92' lang='lat' dir='ltr'><strong>la</strong></span> <span class='ocrx_word' id='word_1_95' title='bbox 500 2497 657 2572; x_wconf 79' lang='lat' dir='ltr'><strong>presente</strong></span> <span class='ocrx_word' id='word_1_96' title='bbox 674 2470 803 2572; x_wconf 84' lang='lat' dir='ltr'><strong>quanto</strong></span> <span class='ocrx_word' id='word_1_97' title='bbox 819 2488 885 2553; x_wconf 89' lang='lat' dir='ltr'><strong>alla</strong></span> <span class='ocrx_word' id='word_1_98' title='bbox 900 2486 1075 2565; x_wconf 87' lang='lat' dir='ltr'><strong>dilatione,</strong></span> <span class='ocrx_word' id='word_1_99' title='bbox 1089 2488 1168 2565; x_wconf 87' lang='lat' dir='ltr'><strong>che,</strong></span> <span class='ocrx_word' id='word_1_100' title='bbox 1186 2488 1403 2555; x_wconf 85' lang='lat' dir='ltr'><strong>considerate</strong></span> <span class='ocrx_word' id='word_1_101' title='bbox 1414 2490 1447 2555; x_wconf 88' lang='lat' dir='ltr'><strong>le</strong></span> <span class='ocrx_word' id='word_1_102' title='bbox 1458 2508 1561 2558; x_wconf 88' lang='lat' dir='ltr'><strong>cause</strong></span> <span class='ocrx_word' id='word_1_103' title='bbox 1573 2490 1616 2573; x_wconf 65' lang='lat' dir='ltr'><strong>div</strong></span> 
     </span>
     <span class='ocr_line' id='line_1_17' title="bbox 380 2601 1609 2688; baseline 0.003 -21"><span class='ocrx_word' id='word_1_104' title='bbox 380 2624 469 2683; x_wconf 85' lang='lat' dir='ltr'><strong>essa,</strong></span> <span class='ocrx_word' id='word_1_105' title='bbox 490 2614 524 2669; x_wconf 89' lang='lat' dir='ltr'><strong>et</strong></span> <span class='ocrx_word' id='word_1_106' title='bbox 540 2602 564 2667; x_wconf 92' lang='lat' dir='ltr'><strong>il</strong></span> <span class='ocrx_word' id='word_1_107' title='bbox 579 2604 683 2669; x_wconf 89' lang='lat' dir='ltr'><strong>modo</strong></span> <span class='ocrx_word' id='word_1_108' title='bbox 700 2604 769 2668; x_wconf 86' lang='lat' dir='ltr'><strong>che</strong></span> <span class='ocrx_word' id='word_1_109' title='bbox 784 2604 829 2667; x_wconf 86' lang='lat' dir='ltr'><strong>ha</strong></span> <span class='ocrx_word' id='word_1_110' title='bbox 846 2612 966 2667; x_wconf 88' lang='lat' dir='ltr'><strong>tenuto</strong></span> <span class='ocrx_word' id='word_1_111' title='bbox 983 2601 1016 2667; x_wconf 92' lang='lat' dir='ltr'><strong>in</strong></span> <span class='ocrx_word' id='word_1_112' title='bbox 1034 2601 1117 2688; x_wconf 89' lang='lat' dir='ltr'><strong>ogni</strong></span> <span class='ocrx_word' id='word_1_113' title='bbox 1137 2623 1221 2668; x_wconf 88' lang='lat' dir='ltr'><strong>cosa</strong></span> <span class='ocrx_word' id='word_1_114' title='bbox 1245 2604 1290 2671; x_wconf 93' lang='lat' dir='ltr'><strong>V.</strong></span> <span class='ocrx_word' id='word_1_115' title='bbox 1315 2603 1403 2671; x_wconf 91' lang='lat' dir='ltr'><strong>Sria.</strong></span> <span class='ocrx_word' id='word_1_116' title='bbox 1430 2604 1551 2684; x_wconf 85' lang='lat' dir='ltr'><strong>lllma.,</strong></span> <span class='ocrx_word' id='word_1_117' title='bbox 1575 2606 1609 2671; x_wconf 94' lang='lat' dir='ltr'><strong>io</strong></span> 
     </span>
     <span class='ocr_line' id='line_1_18' title="bbox 284 2716 1609 2811; baseline 0.006 -30"><span class='ocrx_word' id='word_1_118' title='bbox 284 2798 287 2801; x_wconf 21' lang='grc' dir='ltr'>Ι</span> <span class='ocrx_word' id='word_1_119' title='bbox 377 2720 411 2782; x_wconf 86' lang='lat' dir='ltr'><strong>n&#39;</strong></span> <span class='ocrx_word' id='word_1_120' title='bbox 430 2721 476 2782; x_wconf 92' lang='lat' dir='ltr'><strong>ho</strong></span> <span class='ocrx_word' id='word_1_121' title='bbox 491 2720 621 2785; x_wconf 89' lang='lat' dir='ltr'><strong>hauuta</strong></span> <span class='ocrx_word' id='word_1_122' title='bbox 636 2718 784 2811; x_wconf 83' lang='lat' dir='ltr'><strong>speciale</strong></span> <span class='ocrx_word' id='word_1_123' title='bbox 800 2716 1028 2795; x_wconf 88' lang='lat' dir='ltr'><strong>edificatione,</strong></span> <span class='ocrx_word' id='word_1_124' title='bbox 1051 2728 1086 2783; x_wconf 88' lang='lat' dir='ltr'><strong>et</strong></span> <span class='ocrx_word' id='word_1_125' title='bbox 1106 2716 1165 2802; x_wconf 79' lang='lat' dir='ltr'><strong>piu</strong></span> <span class='ocrx_word' id='word_1_126' title='bbox 1188 2718 1390 2785; x_wconf 88' lang='lat' dir='ltr'><strong>conosciuto</strong></span> <span class='ocrx_word' id='word_1_127' title='bbox 1412 2719 1435 2785; x_wconf 93' lang='lat' dir='ltr'><strong>li</strong></span> <span class='ocrx_word' id='word_1_128' title='bbox 1460 2718 1540 2787; x_wconf 91' lang='lat' dir='ltr'><strong>doni</strong></span> <span class='ocrx_word' id='word_1_129' title='bbox 1565 2722 1609 2789; x_wconf 89' lang='lat' dir='ltr'><strong>de</strong></span> 
     </span>
     <span class='ocr_line' id='line_1_19' title="bbox 381 2832 785 2917; baseline 0.005 -20"><span class='ocrx_word' id='word_1_130' title='bbox 381 2832 474 2907; x_wconf 88' lang='lat' dir='ltr'><strong>iddio</strong></span> <span class='ocrx_word' id='word_1_131' title='bbox 491 2834 534 2898; x_wconf 95' lang='lat' dir='ltr'><strong>N.</strong></span> <span class='ocrx_word' id='word_1_132' title='bbox 553 2836 592 2902; x_wconf 89' lang='lat' dir='ltr'><strong>S.</strong></span> <span class='ocrx_word' id='word_1_133' title='bbox 608 2832 645 2897; x_wconf 91' lang='lat' dir='ltr'><strong>in</strong></span> <span class='ocrx_word' id='word_1_134' title='bbox 661 2834 785 2917; x_wconf 89' lang='lat' dir='ltr'><strong>quella.</strong></span> 
     </span>
    </p>

    <p class='ocr_par' dir='ltr' id='par_1_10' title="bbox 378 2948 1614 3727">
     <span class='ocr_line' id='line_1_20' title="bbox 444 2948 1606 3033; baseline 0.004 -21"><span class='ocrx_word' id='word_1_135' title='bbox 444 2950 584 3032; x_wconf 83' lang='lat' dir='ltr'><strong>Quanto</strong></span> <span class='ocrx_word' id='word_1_136' title='bbox 605 2950 638 3013; x_wconf 90' lang='lat' dir='ltr'><strong>al</strong></span> <span class='ocrx_word' id='word_1_137' title='bbox 666 2949 801 3015; x_wconf 87' lang='lat' dir='ltr'><strong>fermar&#39;</strong></span> <span class='ocrx_word' id='word_1_138' title='bbox 830 2950 908 3032; x_wconf 87' lang='lat' dir='ltr'><strong>quel</strong></span> <span class='ocrx_word' id='word_1_139' title='bbox 934 2950 1089 3033; x_wconf 87' lang='lat' dir='ltr'><strong>pergolo,</strong></span> <span class='ocrx_word' id='word_1_140' title='bbox 1116 2948 1162 3013; x_wconf 90' lang='lat' dir='ltr'><strong>dil</strong></span> <span class='ocrx_word' id='word_1_141' title='bbox 1186 2949 1287 3032; x_wconf 87' lang='lat' dir='ltr'><strong>quale</strong></span> <span class='ocrx_word' id='word_1_142' title='bbox 1309 2949 1423 3018; x_wconf 86' lang='lat' dir='ltr'><strong>sctiue</strong></span> <span class='ocrx_word' id='word_1_143' title='bbox 1447 2952 1492 3017; x_wconf 92' lang='lat' dir='ltr'><strong>V.</strong></span> <span class='ocrx_word' id='word_1_144' title='bbox 1520 2950 1606 3019; x_wconf 85' lang='lat' dir='ltr'><strong>Stia.</strong></span> 
     </span>
     <span class='ocr_line' id='line_1_21' title="bbox 380 3063 1611 3149; baseline 0.003 -18"><span class='ocrx_word' id='word_1_145' title='bbox 380 3064 484 3131; x_wconf 90' lang='lat' dir='ltr'><strong>lllma.</strong></span> <span class='ocrx_word' id='word_1_146' title='bbox 504 3066 568 3130; x_wconf 89' lang='lat' dir='ltr'><strong>che</strong></span> <span class='ocrx_word' id='word_1_147' title='bbox 584 3066 604 3129; x_wconf 76' lang='grc' dir='ltr'>ὁ</span> <span class='ocrx_word' id='word_1_148' title='bbox 619 3064 720 3131; x_wconf 88' lang='lat' dir='ltr'><strong>solito</strong></span> <span class='ocrx_word' id='word_1_149' title='bbox 736 3064 827 3130; x_wconf 86' lang='lat' dir='ltr'><strong>darsi</strong></span> <span class='ocrx_word' id='word_1_150' title='bbox 844 3086 865 3129; x_wconf 90' lang='lat' dir='ltr'><strong>a</strong></span> <span class='ocrx_word' id='word_1_151' title='bbox 880 3083 1029 3149; x_wconf 85' lang='lat' dir='ltr'><strong>persone</strong></span> <span class='ocrx_word' id='word_1_152' title='bbox 1044 3063 1221 3146; x_wconf 87' lang='lat' dir='ltr'><strong>eminenti,</strong></span> <span class='ocrx_word' id='word_1_153' title='bbox 1239 3065 1298 3149; x_wconf 93' lang='lat' dir='ltr'><strong>qui</strong></span> <span class='ocrx_word' id='word_1_154' title='bbox 1313 3066 1460 3133; x_wconf 86' lang='lat' dir='ltr'><strong>sentessi</strong></span> <span class='ocrx_word' id='word_1_155' title='bbox 1472 3065 1611 3135; x_wconf 84' lang='lat' dir='ltr'><strong>referire</strong></span> 
     </span>
     <span class='ocr_line' id='line_1_22' title="bbox 379 3176 1612 3264; baseline 0.005 -21"><span class='ocrx_word' id='word_1_156' title='bbox 379 3181 410 3243; x_wconf 89' lang='lat' dir='ltr'><strong>al</strong></span> <span class='ocrx_word' id='word_1_157' title='bbox 427 3178 547 3264; x_wconf 83' lang='lat' dir='ltr'><strong>signor</strong></span> <span class='ocrx_word' id='word_1_158' title='bbox 562 3189 663 3245; x_wconf 87' lang='lat' dir='ltr'><strong>conte</strong></span> <span class='ocrx_word' id='word_1_159' title='bbox 680 3180 724 3247; x_wconf 88' lang='lat' dir='ltr'><strong>de</strong></span> <span class='ocrx_word' id='word_1_160' title='bbox 741 3178 916 3245; x_wconf 89' lang='lat' dir='ltr'><strong>Montorio</strong></span> <span class='ocrx_word' id='word_1_161' title='bbox 933 3176 945 3209; x_wconf 76' lang='lat'>²</span> <span class='ocrx_word' id='word_1_162' title='bbox 960 3178 983 3242; x_wconf 92' lang='lat' dir='ltr'><strong>l&#39;</strong></span> <span class='ocrx_word' id='word_1_163' title='bbox 1006 3176 1167 3263; x_wconf 85' lang='lat' dir='ltr'><strong>opinione</strong></span> <span class='ocrx_word' id='word_1_164' title='bbox 1190 3180 1247 3245; x_wconf 89' lang='lat' dir='ltr'><strong>del</strong></span> <span class='ocrx_word' id='word_1_165' title='bbox 1271 3182 1369 3247; x_wconf 83' lang='lat' dir='ltr'><strong>Rmo.</strong></span> <span class='ocrx_word' id='word_1_166' title='bbox 1394 3181 1546 3249; x_wconf 74' lang='lat' dir='ltr'><strong>cardinal</strong></span> <span class='ocrx_word' id='word_1_167' title='bbox 1568 3183 1612 3249; x_wconf 90' lang='lat' dir='ltr'><strong>de</strong></span> 
     </span>
     <span class='ocr_line' id='line_1_23' title="bbox 381 3290 1613 3379; baseline 0.003 -18"><span class='ocrx_word' id='word_1_168' title='bbox 381 3292 503 3379; x_wconf 90' lang='lat' dir='ltr'><strong>Napoli</strong></span> <span class='ocrx_word' id='word_1_169' title='bbox 522 3292 726 3362; x_wconf 73' lang='lat' dir='ltr'><strong>³de1Mtro.</strong></span> <span class='ocrx_word' id='word_1_170' title='bbox 752 3293 981 3374; x_wconf 85' lang='lat' dir='ltr'><strong>Bobadilla,o</strong></span> <span class='ocrx_word' id='word_1_171' title='bbox 1005 3292 1028 3357; x_wconf 92' lang='lat' dir='ltr'><strong>il</strong></span> <span class='ocrx_word' id='word_1_172' title='bbox 1049 3293 1244 3361; x_wconf 87' lang='lat' dir='ltr'><strong>testimonio</strong></span> <span class='ocrx_word' id='word_1_173' title='bbox 1265 3296 1331 3361; x_wconf 91' lang='lat' dir='ltr'><strong>che</strong></span> <span class='ocrx_word' id='word_1_174' title='bbox 1348 3290 1396 3362; x_wconf 77' lang='lat' dir='ltr'><strong>&#39;da</strong></span> <span class='ocrx_word' id='word_1_175' title='bbox 1417 3295 1442 3361; x_wconf 94' lang='lat' dir='ltr'><strong>il</strong></span> <span class='ocrx_word' id='word_1_176' title='bbox 1461 3296 1613 3365; x_wconf 79' lang='lat' dir='ltr'><strong>cardinal</strong></span> 
     </span>
     <span class='ocr_line' id='line_1_24' title="bbox 378 3408 1612 3498; baseline 0.003 -23"><span class='ocrx_word' id='word_1_177' title='bbox 378 3408 516 3477; x_wconf 88' lang='lat' dir='ltr'><strong>Verallo</strong></span> <span class='ocrx_word' id='word_1_178' title='bbox 537 3410 548 3441; x_wconf 77' lang='lat'>⁴</span> <span class='ocrx_word' id='word_1_179' title='bbox 570 3420 605 3477; x_wconf 84' lang='lat' dir='ltr'><strong>et</strong></span> <span class='ocrx_word' id='word_1_180' title='bbox 626 3410 728 3475; x_wconf 86' lang='lat' dir='ltr'><strong>etiarn</strong></span> <span class='ocrx_word' id='word_1_181' title='bbox 751 3409 774 3473; x_wconf 93' lang='lat' dir='ltr'><strong>il</strong></span> <span class='ocrx_word' id='word_1_182' title='bbox 797 3408 947 3476; x_wconf 87' lang='lat' dir='ltr'><strong>cardinal</strong></span> <span class='ocrx_word' id='word_1_183' title='bbox 968 3410 1011 3475; x_wconf 87' lang='lat' dir='ltr'><strong>de</strong></span> <span class='ocrx_word' id='word_1_184' title='bbox 1032 3421 1131 3476; x_wconf 88' lang='lat' dir='ltr'><strong>santo</strong></span> <span class='ocrx_word' id='word_1_185' title='bbox 1151 3412 1315 3498; x_wconf 80' lang='lat' dir='ltr'><strong>Jacobo⁵</strong></span> <span class='ocrx_word' id='word_1_186' title='bbox 1345 3414 1389 3479; x_wconf 91' lang='lat' dir='ltr'><strong>de</strong></span> <span class='ocrx_word' id='word_1_187' title='bbox 1411 3412 1473 3494; x_wconf 90' lang='lat' dir='ltr'><strong>lui,</strong></span> <span class='ocrx_word' id='word_1_188' title='bbox 1502 3412 1612 3498; x_wconf 88' lang='lat' dir='ltr'><strong>potria</strong></span> 
     </span>
     <span class='ocr_line' id='line_1_25' title="bbox 378 3523 1613 3612; baseline 0.002 -21"><span class='ocrx_word' id='word_1_189' title='bbox 378 3546 521 3611; x_wconf 88' lang='lat' dir='ltr'><strong>pensare</strong></span> <span class='ocrx_word' id='word_1_190' title='bbox 537 3526 603 3590; x_wconf 88' lang='lat' dir='ltr'><strong>che</strong></span> <span class='ocrx_word' id='word_1_191' title='bbox 619 3525 703 3611; x_wconf 85' lang='lat' dir='ltr'><strong>ogni</strong></span> <span class='ocrx_word' id='word_1_192' title='bbox 719 3526 861 3611; x_wconf 83' lang='lat' dir='ltr'><strong>pergola</strong></span> <span class='ocrx_word' id='word_1_193' title='bbox 877 3524 966 3592; x_wconf 88' lang='lat' dir='ltr'><strong>saria</strong></span> <span class='ocrx_word' id='word_1_194' title='bbox 983 3526 1051 3591; x_wconf 88' lang='lat' dir='ltr'><strong>ben</strong></span> <span class='ocrx_word' id='word_1_195' title='bbox 1067 3526 1237 3592; x_wconf 89' lang='lat' dir='ltr'><strong>collocato</strong></span> <span class='ocrx_word' id='word_1_196' title='bbox 1248 3523 1283 3590; x_wconf 92' lang='lat' dir='ltr'><strong>in</strong></span> <span class='ocrx_word' id='word_1_197' title='bbox 1297 3526 1343 3593; x_wconf 92' lang='lat' dir='ltr'><strong>lui</strong></span> <span class='ocrx_word' id='word_1_198' title='bbox 1349 3549 1357 3609; x_wconf 93' lang='lat'>;</span> <span class='ocrx_word' id='word_1_199' title='bbox 1372 3548 1428 3592; x_wconf 91' lang='lat' dir='ltr'><strong>ma</strong></span> <span class='ocrx_word' id='word_1_200' title='bbox 1443 3528 1490 3608; x_wconf 89' lang='lat' dir='ltr'><strong>io,</strong></span> <span class='ocrx_word' id='word_1_201' title='bbox 1504 3549 1613 3612; x_wconf 89' lang='lat' dir='ltr'><strong>quan-</strong></span> 
     </span>
     <span class='ocr_line' id='line_1_26' title="bbox 387 3638 1614 3727; baseline 0.005 -24"><span class='ocrx_word' id='word_1_202' title='bbox 387 3642 514 3707; x_wconf 90' lang='lat' dir='ltr'><strong>tunche</strong></span> <span class='ocrx_word' id='word_1_203' title='bbox 531 3662 601 3707; x_wconf 88' lang='lat' dir='ltr'><strong>non</strong></span> <span class='ocrx_word' id='word_1_204' title='bbox 619 3641 641 3704; x_wconf 87' lang='lat' dir='ltr'><strong>l&#39;</strong></span> <span class='ocrx_word' id='word_1_205' title='bbox 659 3644 704 3707; x_wconf 91' lang='lat' dir='ltr'><strong>ho</strong></span> <span class='ocrx_word' id='word_1_206' title='bbox 720 3638 847 3706; x_wconf 88' lang='lat' dir='ltr'><strong>sentito</strong></span> <span class='ocrx_word' id='word_1_207' title='bbox 863 3640 1039 3725; x_wconf 86' lang='lat' dir='ltr'><strong>predicare</strong></span> <span class='ocrx_word' id='word_1_208' title='bbox 1055 3640 1151 3706; x_wconf 88' lang='lat' dir='ltr'><strong>molti</strong></span> <span class='ocrx_word' id='word_1_209' title='bbox 1167 3642 1223 3709; x_wconf 88' lang='lat' dir='ltr'><strong>ani</strong></span> <span class='ocrx_word' id='word_1_210' title='bbox 1242 3644 1288 3720; x_wconf 87' lang='lat' dir='ltr'><strong>fa,</strong></span> <span class='ocrx_word' id='word_1_211' title='bbox 1313 3654 1419 3727; x_wconf 86' lang='lat' dir='ltr'><strong>tengo</strong></span> <span class='ocrx_word' id='word_1_212' title='bbox 1434 3642 1459 3706; x_wconf 94' lang='lat' dir='ltr'><strong>il</strong></span> <span class='ocrx_word' id='word_1_213' title='bbox 1474 3663 1538 3709; x_wconf 91' lang='lat' dir='ltr'><strong>suo</strong></span> <span class='ocrx_word' id='word_1_214' title='bbox 1561 3654 1614 3709; x_wconf 85' lang='lat' dir='ltr'><strong>ta·</strong></span> 
     </span>
    </p>
   </div>
   <div class='ocr_carea' id='block_1_8' title="bbox 376 3807 1619 4771">
    <p class='ocr_par' dir='ltr' id='par_1_11' title="bbox 376 3807 1615 4056">
     <span class='ocr_line' id='line_1_27' title="bbox 434 3807 1615 3881; baseline 0.005 -20"><span class='ocrx_word' id='word_1_215' title='bbox 434 3812 441 3841; x_wconf 80' lang='lat'><strong>¹</strong></span> <span class='ocrx_word' id='word_1_216' title='bbox 481 3808 524 3861; x_wconf 84' lang='lat' dir='ltr'><strong>Ex</strong></span> <span class='ocrx_word' id='word_1_217' title='bbox 542 3808 720 3865; x_wconf 84' lang='lat' dir='ltr'><strong>adversariis</strong></span> <span class='ocrx_word' id='word_1_218' title='bbox 737 3808 927 3879; x_wconf 75' lang='lat' dir='ltr'><strong>autographis</strong></span> <span class='ocrx_word' id='word_1_219' title='bbox 945 3808 978 3863; x_wconf 90' lang='grc' dir='ltr'><strong>Ρ.</strong></span> <span class='ocrx_word' id='word_1_220' title='bbox 999 3808 1128 3878; x_wconf 89' lang='lat' dir='ltr'><strong>Polanci‚</strong></span> <span class='ocrx_word' id='word_1_221' title='bbox 1146 3810 1177 3863; x_wconf 87' lang='lat' dir='ltr'><strong>in</strong></span> <span class='ocrx_word' id='word_1_222' title='bbox 1193 3808 1296 3864; x_wconf 88' lang='lat' dir='ltr'><strong>codice</strong></span> <span class='ocrx_word' id='word_1_223' title='bbox 1315 3807 1413 3881; x_wconf 79' lang='lat' dir='ltr'><strong>Epist.</strong></span> <span class='ocrx_word' id='word_1_224' title='bbox 1433 3810 1563 3867; x_wconf 79' lang='lat' dir='ltr'><strong>Polaaei</strong></span> <span class='ocrx_word' id='word_1_225' title='bbox 1579 3828 1615 3866; x_wconf 69' lang='lat' dir='ltr'><strong>en</strong></span> 
     </span>
     <span class='ocr_line' id='line_1_28' title="bbox 376 3894 1614 3973; baseline 0.002 -21"><span class='ocrx_word' id='word_1_226' title='bbox 376 3913 495 3963; x_wconf 71' lang='lat' dir='ltr'><strong>sonim„</strong></span> <span class='ocrx_word' id='word_1_227' title='bbox 513 3908 523 3949; x_wconf 87' lang='lat'><em>1</em></span> <span class='ocrx_word' id='word_1_228' title='bbox 540 3897 600 3967; x_wconf 78' lang='lat' dir='ltr'><strong>iol,</strong></span> <span class='ocrx_word' id='word_1_229' title='bbox 613 3915 643 3954; x_wconf 87' lang='lat' dir='ltr'><strong>n.</strong></span> <span class='ocrx_word' id='word_1_230' title='bbox 658 3911 719 3968; x_wconf 82' lang='lat'>194,</span> <span class='ocrx_word' id='word_1_231' title='bbox 731 3898 811 3969; x_wconf 87' lang='lat' dir='ltr'><strong>prius</strong></span> <span class='ocrx_word' id='word_1_232' title='bbox 824 3896 884 3967; x_wconf 85' lang='lat'><strong>189.</strong></span> <span class='ocrx_word' id='word_1_233' title='bbox 896 3898 1002 3953; x_wconf 87' lang='lat' dir='ltr'><strong>Exstat</strong></span> <span class='ocrx_word' id='word_1_234' title='bbox 1015 3897 1080 3969; x_wconf 84' lang='lat' dir='ltr'><strong>ejus</strong></span> <span class='ocrx_word' id='word_1_235' title='bbox 1092 3900 1284 3955; x_wconf 84' lang='lat' dir='ltr'><strong>summarium</strong></span> <span class='ocrx_word' id='word_1_236' title='bbox 1298 3898 1329 3954; x_wconf 91' lang='lat' dir='ltr'><strong>in</strong></span> <span class='ocrx_word' id='word_1_237' title='bbox 1341 3898 1444 3955; x_wconf 86' lang='lat' dir='ltr'><strong>codice</strong></span> <span class='ocrx_word' id='word_1_238' title='bbox 1454 3900 1574 3973; x_wconf 69' lang='lat' dir='ltr'><strong>Rogat.</strong></span> <span class='ocrx_word' id='word_1_239' title='bbox 1588 3894 1614 3964; x_wconf 79' lang='lat' dir='ltr'><strong>l,</strong></span> 
     </span>
     <span class='ocr_line' id='line_1_29' title="bbox 379 3985 686 4056; baseline 0.01 -16"><span class='ocrx_word' id='word_1_240' title='bbox 379 3985 431 4040; x_wconf 82' lang='lat' dir='ltr'><strong>iol.</strong></span> <span class='ocrx_word' id='word_1_241' title='bbox 449 3985 526 4053; x_wconf 73' lang='lat'>1281,</span> <span class='ocrx_word' id='word_1_242' title='bbox 542 4004 621 4041; x_wconf 86' lang='lat' dir='ltr'><strong>vers.</strong></span> <span class='ocrx_word' id='word_1_243' title='bbox 642 3999 686 4056; x_wconf 88' lang='lat'><strong>57.</strong></span> 
     </span>
    </p>

    <p class='ocr_par' dir='ltr' id='par_1_12' title="bbox 432 4075 751 4145">
     <span class='ocr_line' id='line_1_30' title="bbox 432 4075 751 4145; baseline 0.019 -16"><span class='ocrx_word' id='word_1_244' title='bbox 432 4078 443 4108; x_wconf 76' lang='lat'>²</span> <span class='ocrx_word' id='word_1_245' title='bbox 480 4076 610 4145; x_wconf 85' lang='lat' dir='ltr'><strong>Joannes</strong></span> <span class='ocrx_word' id='word_1_246' title='bbox 623 4075 751 4135; x_wconf 80' lang='lat' dir='ltr'><strong>Caraila.</strong></span> 
     </span>
    </p>

    <p class='ocr_par' dir='ltr' id='par_1_13' title="bbox 379 4163 1619 4594">
     <span class='ocr_line' id='line_1_31' title="bbox 433 4163 1617 4239; baseline 0.003 -21"><span class='ocrx_word' id='word_1_247' title='bbox 433 4166 444 4197; x_wconf 82' lang='lat'><strong>³</strong></span> <span class='ocrx_word' id='word_1_248' title='bbox 481 4164 657 4221; x_wconf 86' lang='lat' dir='ltr'><strong>Vincentius</strong></span> <span class='ocrx_word' id='word_1_249' title='bbox 670 4164 798 4235; x_wconf 78' lang='lat' dir='ltr'><strong>Caralis,</strong></span> <span class='ocrx_word' id='word_1_250' title='bbox 812 4163 969 4220; x_wconf 86' lang='lat' dir='ltr'><strong>cardinalis</strong></span> <span class='ocrx_word' id='word_1_251' title='bbox 980 4164 1193 4235; x_wconf 86' lang='lat' dir='ltr'><strong>neapolitanus,</strong></span> <span class='ocrx_word' id='word_1_252' title='bbox 1205 4166 1256 4237; x_wconf 92' lang='lat' dir='ltr'><strong>qui</strong></span> <span class='ocrx_word' id='word_1_253' title='bbox 1266 4166 1383 4237; x_wconf 84' lang='lat' dir='ltr'><strong>Ignatio</strong></span> <span class='ocrx_word' id='word_1_254' title='bbox 1395 4167 1518 4239; x_wconf 85' lang='lat' dir='ltr'><strong>ejusque</strong></span> <span class='ocrx_word' id='word_1_255' title='bbox 1528 4166 1617 4221; x_wconf 81' lang='lat' dir='ltr'><strong>sociis</strong></span> 
     </span>
     <span class='ocr_line' id='line_1_32' title="bbox 379 4252 1618 4325; baseline 0.003 -20"><span class='ocrx_word' id='word_1_256' title='bbox 379 4252 462 4319; x_wconf 89' lang='lat' dir='ltr'><strong>olim,</strong></span> <span class='ocrx_word' id='word_1_257' title='bbox 475 4268 543 4307; x_wconf 89' lang='lat' dir='ltr'><strong>cum</strong></span> <span class='ocrx_word' id='word_1_258' title='bbox 557 4262 638 4309; x_wconf 82' lang='lat' dir='ltr'><strong>esset</strong></span> <span class='ocrx_word' id='word_1_259' title='bbox 655 4255 750 4308; x_wconf 85' lang='lat' dir='ltr'><strong>almae</strong></span> <span class='ocrx_word' id='word_1_260' title='bbox 765 4254 856 4309; x_wconf 81' lang='lat' dir='ltr'><strong>Urbis</strong></span> <span class='ocrx_word' id='word_1_261' title='bbox 869 4253 995 4324; x_wconf 85' lang='lat' dir='ltr'><strong>legatus,</strong></span> <span class='ocrx_word' id='word_1_262' title='bbox 1011 4262 1189 4323; x_wconf 87' lang='lat' dir='ltr'><strong>potestatem</strong></span> <span class='ocrx_word' id='word_1_263' title='bbox 1208 4253 1396 4325; x_wconf 81' lang='lat' dir='ltr'><strong>praedicandi</strong></span> <span class='ocrx_word' id='word_1_264' title='bbox 1414 4262 1446 4309; x_wconf 87' lang='lat' dir='ltr'><strong>et</strong></span> <span class='ocrx_word' id='word_1_265' title='bbox 1458 4252 1618 4309; x_wconf 84' lang='lat' dir='ltr'><strong>exercendi</strong></span> 
     </span>
     <span class='ocr_line' id='line_1_33' title="bbox 382 4340 1615 4415; baseline 0.003 -21"><span class='ocrx_word' id='word_1_266' title='bbox 382 4340 438 4395; x_wconf 86' lang='lat' dir='ltr'><strong>alia</strong></span> <span class='ocrx_word' id='word_1_267' title='bbox 451 4358 534 4395; x_wconf 85' lang='lat' dir='ltr'><strong>sacra</strong></span> <span class='ocrx_word' id='word_1_268' title='bbox 549 4341 712 4397; x_wconf 88' lang='lat' dir='ltr'><strong>ministeria</strong></span> <span class='ocrx_word' id='word_1_269' title='bbox 730 4341 1033 4396; x_wconf 63' lang='lat' dir='ltr'><strong>enumerationum.</strong></span> <span class='ocrx_word' id='word_1_270' title='bbox 1052 4342 1244 4412; x_wconf 66' lang='lat' dir='ltr'><strong>letrannus,</strong></span> <span class='ocrx_word' id='word_1_271' title='bbox 1262 4342 1356 4397; x_wconf 87' lang='lat' dir='ltr'><strong>series</strong></span> <span class='ocrx_word' id='word_1_272' title='bbox 1376 4351 1489 4415; x_wconf 85' lang='lat' dir='ltr'><strong>quarta,</strong></span> <span class='ocrx_word' id='word_1_273' title='bbox 1511 4342 1535 4412; x_wconf 88' lang='lat'><strong>1,</strong></span> <span class='ocrx_word' id='word_1_274' title='bbox 1553 4342 1615 4412; x_wconf 84' lang='lat'><strong>548.</strong></span> 
     </span>
     <span class='ocr_line' id='line_1_34' title="bbox 382 4428 1619 4505; baseline 0.002 -21"><span class='ocrx_word' id='word_1_275' title='bbox 382 4428 466 4485; x_wconf 92' lang='lat' dir='ltr'><strong>Obiit</strong></span> <span class='ocrx_word' id='word_1_276' title='bbox 482 4447 560 4485; x_wconf 88' lang='lat' dir='ltr'><strong>anno</strong></span> <span class='ocrx_word' id='word_1_277' title='bbox 582 4443 660 4502; x_wconf 80' lang='lat'>1540,</span> <span class='ocrx_word' id='word_1_278' title='bbox 681 4448 783 4486; x_wconf 87' lang='lat' dir='ltr'><strong>mense</strong></span> <span class='ocrx_word' id='word_1_279' title='bbox 801 4430 984 4502; x_wconf 86' lang='lat' dir='ltr'><strong>Septembri.</strong></span> <span class='ocrx_word' id='word_1_280' title='bbox 1003 4429 1056 4487; x_wconf 80' lang='lat' dir='ltr'><strong>Cf.</strong></span> <span class='ocrx_word' id='word_1_281' title='bbox 1079 4431 1249 4503; x_wconf 73' lang='lat' dir='ltr'><strong>Ammaia,</strong></span> <span class='ocrx_word' id='word_1_282' title='bbox 1269 4432 1409 4486; x_wconf 77' lang='lat' dir='ltr'><strong>Historia</strong></span> <span class='ocrx_word' id='word_1_283' title='bbox 1419 4432 1619 4505; x_wconf 78' lang='lat' dir='ltr'><strong>genealogica</strong></span> 
     </span>
     <span class='ocr_line' id='line_1_35' title="bbox 381 4518 886 4594; baseline 0.006 -21"><span class='ocrx_word' id='word_1_284' title='bbox 381 4520 465 4573; x_wconf 81' lang='lat' dir='ltr'><strong>della</strong></span> <span class='ocrx_word' id='word_1_285' title='bbox 472 4519 604 4592; x_wconf 81' lang='lat' dir='ltr'><strong>familia</strong></span> <span class='ocrx_word' id='word_1_286' title='bbox 621 4518 753 4594; x_wconf 85' lang='lat' dir='ltr'><strong>Carasa,</strong></span> <span class='ocrx_word' id='word_1_287' title='bbox 772 4520 825 4588; x_wconf 88' lang='lat'>111,</span> <span class='ocrx_word' id='word_1_288' title='bbox 839 4522 886 4576; x_wconf 87' lang='lat'><strong>61.</strong></span> 
     </span>
    </p>

    <p class='ocr_par' dir='ltr' id='par_1_14' title="bbox 441 4608 851 4681">
     <span class='ocr_line' id='line_1_36' title="bbox 441 4608 851 4681; baseline 0.007 -19"><span class='ocrx_word' id='word_1_289' title='bbox 441 4612 451 4640; x_wconf 73' lang='lat'>⁸</span> <span class='ocrx_word' id='word_1_290' title='bbox 488 4608 689 4681; x_wconf 85' lang='lat' dir='ltr'><strong>Hieronymus</strong></span> <span class='ocrx_word' id='word_1_291' title='bbox 703 4608 851 4665; x_wconf 69' lang='lat' dir='ltr'><strong>Verallus</strong></span> 
     </span>
    </p>

    <p class='ocr_par' dir='ltr' id='par_1_15' title="bbox 439 4697 1548 4771">
     <span class='ocr_line' id='line_1_37' title="bbox 439 4697 1548 4771; baseline 0.004 -19"><span class='ocrx_word' id='word_1_292' title='bbox 439 4698 449 4728; x_wconf 83' lang='lat'>⁵</span> <span class='ocrx_word' id='word_1_293' title='bbox 487 4698 617 4767; x_wconf 81' lang='lat' dir='ltr'><strong>joannes</strong></span> <span class='ocrx_word' id='word_1_294' title='bbox 632 4698 808 4753; x_wconf 83' lang='lat' dir='ltr'><strong>Alvarezius</strong></span> <span class='ocrx_word' id='word_1_295' title='bbox 821 4697 859 4752; x_wconf 86' lang='lat' dir='ltr'><strong>de</strong></span> <span class='ocrx_word' id='word_1_296' title='bbox 872 4700 987 4770; x_wconf 83' lang='lat' dir='ltr'><strong>Toleto,</strong></span> <span class='ocrx_word' id='word_1_297' title='bbox 1003 4698 1041 4757; x_wconf 90' lang='grc' dir='ltr'><strong>Ο.</strong></span> <span class='ocrx_word' id='word_1_298' title='bbox 1056 4698 1102 4767; x_wconf 91' lang='grc' dir='ltr'><strong>Ρ.,</strong></span> <span class='ocrx_word' id='word_1_299' title='bbox 1116 4697 1274 4754; x_wconf 84' lang='lat' dir='ltr'><strong>cardinalis</strong></span> <span class='ocrx_word' id='word_1_300' title='bbox 1290 4702 1548 4771; x_wconf 83' lang='lat' dir='ltr'><strong>compostellanus.</strong></span> 
     </span>
    </p>
   </div>
   <div class='ocr_carea' id='block_1_9' title="bbox 0 0 1841 5412">
    <p class='ocr_par' dir='ltr' id='par_1_16' title="bbox 0 0 1841 5412">
     <span class='ocr_line' id='line_1_38' title="bbox 0 0 1841 5412; baseline 0 0"><span class='ocrx_word' id='word_1_301' title='bbox 0 0 1841 5412; x_wconf 95' lang='lat' dir='ltr'><strong> </strong></span> 
     </span>
    </p>
   </div>
  </div>
 </body>
</html>
