3634 5417
594 499 698 555 Errsr.
719 495 874 568 2354.-12
892 501 1044 570 unuxmr
1066 512 1134 570 1552
1410 495 1446 568 93

248 649 489 734 penitentiam,
509 672 610 736 quam
628 651 731 730 volet,
750 659 785 728 et
800 650 835 718 in
852 649 1004 718 Domino
1021 651 1209 720 conuenire
1219 650 1401 752 judicabit.
1419 651 1481 720 Sa-

248 764 294 830 tis
310 764 402 832 enim
421 765 503 834 mibi
521 767 713 853 persuadeo
734 767 777 834 de
798 767 889 834 bona
910 764 1019 853 ipsius
1040 777 1168 848 mente,
1197 768 1289 852 quod
1316 765 1481 835 rationem

249 881 391 950 habebit
408 882 540 969 gloriae
554 885 632 963 Der,
647 894 682 948 et
694 881 943 951 aedificationis
954 881 1161 963 animarum,
1176 905 1278 968 quarn
1291 882 1482 950 communi*
1597 961 1604 974 .
1707 908 1712 919 ·

249 997 315 1064 bus
331 997 423 1064 votis
438 1009 649 1084 exoptamus,
668 999 782 1066 Tuum
798 1019 881 1066 vero
897 999 962 1066 erit
973 1021 1048 1066 eam
1061 999 1250 1086 suscipere,
1263 997 1397 1066 etiamsi
1409 1019 1482 1065 car-

250 1133 364 1182 cerem
382 1115 497 1182 denuo
514 1113 650 1200 ingredi
666 1126 834 1200 oporteat,
853 1136 923 1180 non
945 1114 1114 1200 patienter
1134 1124 1280 1195 tantum,
1303 1113 1482 1183 sedetiam

249 1226 409 1310 libenter,
429 1240 467 1294 vt
479 1242 572 1296 tuam
585 1230 687 1298 decet
695 1230 920 1316 probitatem,
935 1228 1038 1317 missa
1050 1227 1121 1296 voti
1134 1229 1363 1315 susceptione,
1380 1249 1482 1312 quae,

250 1356 286 1410 vt
302 1343 384 1426 dixi,
403 1345 524 1414 merito
536 1343 760 1432 improbatur.

318 1461 422 1547 Quod
444 1461 567 1529 attinet
587 1461 632 1527 ad
654 1459 895 1530 admissionem
920 1462 1085 1529 iuuenum
1108 1461 1246 1528 illorum
1270 1459 1304 1526 in
1329 1459 1485 1530 Societa-

252 1587 321 1646 tem
338 1578 382 1644 ad
399 1576 649 1664 probationem,
667 1576 791 1644 mirum
808 1589 862 1644 est
879 1578 969 1645 vnde
984 1577 1079 1658 viris,
1098 1576 1162 1664 piis
1178 1578 1280 1662 juxta
1298 1597 1339 1645 ac
1358 1573 1483 1653 doctis,

250 1691 286 1758 id
302 1693 565 1778 improbandum
587 1693 757 1761 videatur.
784 1693 842 1760 X}
862 1692 954 1762 enirn
977 1692 1122 1760 consilia
1142 1692 1253 1777 sequi,
1282 1703 1317 1761 et
1343 1693 1386 1758 ad
1406 1712 1484 1778 per·

251 1807 412 1876 sectionis
426 1819 555 1874 statum
572 1807 734 1895 aspirare,
760 1807 813 1898 sic
832 1809 1041 1877 laudandum
1058 1820 1124 1888 est,
1146 1819 1184 1873 vt
1199 1807 1296 1874 nullo
1313 1807 1417 1874 modo
1431 1827 1484 1872 re-

254 1925 466 2012 prehendere
482 1923 655 2012 integrum
672 1923 729 1992 sit.
749 1925 792 1992 Et
808 1925 1047 1996 adolescentes
1060 1923 1136 1991 eius
1150 1921 1264 2003 etatis,
1283 1943 1385 2008 quam
1402 1921 1486 1989 scri-

252 2039 318 2121 bis,
336 2039 497 2106 nimirum
520 2041 559 2108 18
575 2052 610 2107 et
627 2059 671 2107 20
686 2062 868 2121 annorum,
886 2036 923 2106 in
944 2039 1088 2111 dubium
1110 2038 1227 2106 vocari
1249 2059 1319 2106 non
1341 2035 1486 2106 debet'a

253 2155 432 2224 catholicis
448 2143 484 2226 et
500 2155 729 2244 prudentibus
746 2154 839 2236 viris
858 2157 952 2240 quod
975 2154 1110 2242 possint
1129 2155 1172 2221 ad
1196 2152 1432 2242 probationem
1451 2150 1487 2218 in

254 2270 505 2358 relligionibus,
524 2271 626 2342 etiam
644 2270 762 2338 inuitis
778 2271 991 2358 parentibus,
1009 2269 1155 2339 admitti.
1170 2271 1227 2349 Et,
1246 2282 1282 2335 vt
1298 2271 1342 2335 de
1357 2266 1485 2351 multis,

254 2409 344 2476 quae
360 2407 508 2474 possem,
527 2389 597 2455 duo
614 2399 747 2454 tantum
767 2388 924 2478 exempla
944 2408 1145 2473 proponam,
1168 2385 1226 2452 vbi
1247 2381 1381 2472 questio
1401 2385 1489 2451 haec

254 2503 289 2569 in
306 2502 482 2572 Societate
497 2515 613 2570 nostra
630 2517 683 2570 est
697 2501 866 2584 discussa,
884 2500 920 2569 in
938 2522 1049 2589 regno
1066 2499 1300 2589 portugalliae
1315 2499 1485 2567 nobilissi-

255 2641 332 2686 mus
349 2618 485 2705 quidam
498 2617 651 2704 juvenis,
669 2619 761 2684 filius
775 2617 875 2685 ducis
892 2615 1071 2705 Bergantii
1094 2615 1163 2704 (qui
1184 2627 1261 2703 post
1276 2637 1395 2703 regem
1419 2615 1482 2701 pri·

252 2755 326 2802 mas
348 2733 385 2800 in
408 2756 450 2803 eo
478 2755 587 2821 regno
617 2735 734 2820 tenet),
764 2733 808 2800 ad
835 2732 1020 2803 Societatis
1047 2743 1186 2801 nostrae
1213 2731 1408 2798 institutum
1435 2729 1490 2796 his

252 2849 353 2917 annis
368 2848 493 2936 elapsis
509 2849 599 2918 serio
615 2861 649 2918 et
661 2860 861 2918 constanter
873 2860 1032 2930 vocatuS,
1047 2848 1154 2914 multa
1166 2861 1269 2915 nocte
1279 2869 1341 2933 per
1353 2867 1488 2914 murum

251 2966 403 3054 collegii,
422 2964 479 3032 vbi
496 2965 768 3045 custodiebatur,
786 2985 825 3034 se
840 2963 1039 3046 demittens,
1058 2965 1103 3030 ad
1119 2974 1268 3045 nostros
1283 2962 1341 3048 qui
1359 2961 1489 3030 Conin-

253 3081 348 3148 briae
364 3089 459 3162 sunt,
478 3104 517 3149 se
532 3081 690 3149 contulit.
710 3080 742 3145 A
759 3079 981 3166 quibuscum
1006 3092 1173 3166 exceptus
1192 3090 1296 3159 esset,
1315 3077 1390 3148 eius
1406 3099 1489 3146 con·
1602 3158 1611 3170 ,

254 3197 438 3284 sanguinei
453 3196 646 3285 aegerrime
658 3198 708 3284 (vt
724 3197 863 3282 assolet)
880 3195 915 3262 id
932 3197 1083 3264 serentes
1098 3195 1213 3262 omnia
1229 3192 1430 3274 moliuntur,
1451 3203 1490 3258 vt

254 3337 274 3380 a
298 3313 480 3382 Societatis
504 3325 644 3382 nostrae
667 3313 770 3380 domo
798 3309 959 3381 iuuenem
977 3322 1191 3390 remoueant;
1211 3320 1246 3379 et
1262 3307 1327 3395 ipsi
1347 3309 1434 3398 regi,
1451 3323 1490 3374 vt

254 3429 414 3498 iuuenem
432 3429 466 3495 in
483 3429 550 3496 alio
570 3428 659 3510 loco,
677 3427 799 3494 melius
815 3427 859 3495 de
881 3439 976 3494 statu
991 3426 1082 3494 vitae
1103 3426 1385 3505 deliberaturum,
1404 3447 1489 3492 con·

255 3545 351 3612 stitui
364 3546 515 3631 juberet,
531 3543 750 3630 persuadent.
763 3544 810 3610 At
828 3542 935 3610 nostri
951 3543 1124 3621 eumdem,
1139 3539 1256 3627 egredi
1273 3552 1487 3609 recusantem

254 3673 289 3730 et
306 3660 389 3728 {oris
404 3659 594 3747 periculum
613 3657 802 3739 timentem,
821 3679 936 3724 coram
960 3677 1043 3743 rege
1060 3656 1110 3724 sic
1134 3655 1326 3723 rationibus
1341 3653 1488 3741 xpianis

253 3777 497 3857 defenderunt,
519 3786 558 3842 vt
578 3795 698 3844 omnes
717 3772 1055 3860 consanguineorum
1075 3784 1222 3840 conatus
1241 3769 1326 3838 irriti
1349 3769 1487 3856 fuerint,

250 3904 289 3962 et
304 3891 339 3958 in
356 3895 450 3960 hunc
471 3913 581 3978 vsque
596 3889 686 3960 diem
710 3889 745 3956 in
762 3889 942 3976 relligione
963 3900 1081 3956 nostra
1100 3886 1238 3955 iuuenis
1260 3885 1491 3972 (Theutonius

255 4007 403 4094 nomine)
420 4018 631 4094 permaneat.

321 4126 451 4192 Romae
474 4121 576 4192 etiam
599 4121 724 4190 nobilis
744 4121 883 4206 quidam
905 4121 1119 4199 adolescens,
1145 4115 1296 4205 episcopi
1326 4113 1490 4202 tyburtini

253 4262 296 4308 ex
313 4239 416 4309 fratre
434 4259 554 4326 nepoS,
572 4251 607 4307 et
623 4240 668 4305 ab
688 4238 809 4306 eodem
832 4235 1009 4308 beneficiis
1030 4223 1189 4315 onustus,
1213 4253 1291 4299 cum
1314 4233 1357 4299 ad
1373 4227 1491 4300 Socie-

255 4368 359 4424 tatem
375 4354 494 4422 diuina
509 4353 731 4441 inspiratione
752 4365 868 4420 motus
891 4350 1105 4430 accessisset,
1131 4362 1179 4440 et,
1202 4349 1276 4436 ipso
1298 4347 1332 4414 id
1356 4345 1489 4433 efflagi-

258 4481 365 4552 tante,
388 4492 457 4556 quo
478 4491 617 4538 suorum
641 4467 813 4536 molestias
837 4467 995 4547 euitaret,
1026 4464 1061 4532 in
1088 4465 1236 4549 quodam
1265 4485 1309 4530 ex
1336 4459 1491 4549 collegiis

255 4585 383 4654 nostris
398 4585 432 4652 in
449 4585 601 4656 Siciliam
619 4585 745 4652 missus
763 4595 866 4666 esset,
891 4582 996 4650 mirae
1019 4583 1158 4648 suerunt
1178 4580 1221 4647 ab
1241 4577 1403 4665 episcopo
1423 4576 1489 4644 iarn

254 4701 360 4784 dicto,
378 4712 413 4768 et
434 4700 677 4782 cardinalibus,
703 4700 763 4785 qui
783 4700 815 4769 ei
836 4699 1011 4777 struebant,
1043 4695 1211 4765 excitatae
1240 4692 1429 4779 tragediam
1456 4705 1492 4758 et
