3634 5417
386 476 421 528 82
766 472 974 527 Mouurrenra
993 472 1169 527 louarrana

349 624 530 710 judicabit,
555 624 731 704 adhibeat,
756 622 851 710 petit.
882 624 1049 693 Summus
1072 623 1238 709 pontifex,
1260 644 1330 707 non
1355 643 1432 693 esse
1447 643 1583 689 summo

350 741 423 809 iure
444 740 617 827 agendum
639 760 717 807 cum
745 737 1006 825 archiepiscopo
1032 738 1067 805 in
1089 738 1338 826 presentiarum
1365 736 1578 818 existimans,

318 854 320 859 ’
351 855 416 923 sibi
432 855 535 921 huius
551 853 600 921 rei
620 855 876 941 componendae
896 875 1015 921 curam
1035 854 1234 940 assumpsit3
1252 867 1289 923 et
1309 854 1425 922 statim
1444 852 1581 921 archie-

350 972 489 1058 piscopo
506 971 669 1051 toletano,
693 980 728 1037 et
749 968 915 1037 cardinali
933 969 1081 1056 PoggiO,
1096 970 1221 1057 legato
1242 970 1278 1036 in
1299 968 1469 1057 Hispania
1490 966 1582 1037 sedis

351 1086 569 1173 apostolicae,
588 1085 719 1153 litteras
735 1107 799 1151 suo
819 1084 960 1151 nomine
981 1083 1180 1153 scribendas
1195 1096 1307 1166 curat,
1325 1085 1452 1172 quibus
1466 1083 1581 1152 mirari

349 1224 387 1269 se
401 1204 627 1271 vehementer
644 1202 711 1267 tale
726 1201 902 1267 decretum
920 1199 1051 1283 scribit,
1070 1209 1105 1269 et
1123 1210 1162 1266 vt
1182 1200 1322 1267 omnino
1342 1209 1577 1287 reponeretur,

355 1328 391 1385 et
407 1316 564 1389 Societas
576 1317 631 1403 (de
647 1338 715 1403 qua
731 1316 838 1383 multa
854 1317 898 1385 ad
918 1315 1067 1403 laudern)
1087 1315 1160 1383 suis
1175 1316 1226 1383 vti
1240 1315 1429 1403 priuilegiis
1451 1316 1581 1384 sinere-

351 1444 421 1512 tur,
436 1432 547 1501 iubet.
571 1433 661 1501 Cum
678 1442 792 1499 autem
814 1432 920 1499 hasce
936 1431 1080 1513 litteras,
1097 1444 1282 1517 antequam
1303 1431 1579 1519 obsignarentur,

349 1548 414 1616 sibi
428 1549 497 1635 legi
515 1548 664 1628 fecisset,
682 1547 837 1614 iudicans
854 1569 923 1614 non
939 1546 1023 1613 satis
1038 1548 1169 1617 dictum
1185 1570 1262 1617 esse
1277 1548 1314 1615 in
1335 1546 1520 1617 Societatis
1533 1547 1578 1613 fa·

351 1685 481 1743 uorem,
500 1662 649 1729 iniunxit
669 1663 853 1733 secretario
881 1675 919 1728 vt
939 1666 1025 1731 haec
1047 1665 1188 1733 adderet
1208 1666 1328 1744 verba,
1350 1684 1439 1749 quae
1454 1661 1578 1742 italice,

349 1790 388 1846 ut
404 1778 476 1867 ipse
492 1778 648 1859 dictauit,
671 1778 829 1845 scribam:
857 1780 921 1845 «Et
943 1778 1024 1845 dall'
1043 1780 1131 1846 altro
1160 1789 1275 1861 cante,
1303 1789 1433 1864 quanto
1460 1787 1581 1876 questa

348 1894 564 1981 Compagnia
579 1894 630 1961 sia
657 1892 766 1981 hoggi
793 1907 919 1978 amata,
948 1907 1145 1964 accarezata
1172 1907 1208 1962 et
1224 1894 1374 1982 riputata
1389 1894 1424 1961 in
1441 1903 1531 1961 tutta
1546 1895 1579 1959 la

347 2008 592 2076 christianiter.
612 2010 713 2094 Quae
728 2012 834 2077 verba
849 2009 927 2077 ideo
948 2001 1173 2079 adscribenda
1194 2009 1290 2092 duxi,
1313 2022 1350 2075 vt
1367 2008 1580 2096 intelligatur

348 2124 486 2211 quidde
503 2123 677 2193 Societate
694 2137 810 2192 nostra
823 2124 949 2194 sentiat
960 2124 1018 2193 Χ.ἰ
1029 2125 1192 2209 vicarius,
1206 2125 1406 2193 vniuersum
1419 2123 1579 2191 christia-

307 2254 309 2259 “
349 2242 495 2309 nismum
522 2241 558 2307 in
585 2240 819 2308 testimonium
847 2242 1035 2321 adducens,
1064 2263 1085 2307 a
1113 2262 1183 2329 quo
1211 2241 1317 2309 amari
1343 2254 1379 2308 et
1400 2238 1579 2327 magnoin

347 2356 462 2445 precio
490 2355 609 2425 haberi
630 2355 839 2425 Societatem
866 2357 945 2425 ideo
966 2358 1066 2437 dicit,
1090 2357 1171 2444 quia
1191 2358 1431 2442 vndecumque
1452 2378 1578 2443 magna

347 2493 425 2539 cum
447 2471 631 2540 deuotione
652 2470 785 2556 aliquos
800 2472 844 2538 de
861 2471 1038 2543 Societate
1058 2473 1178 2542 eadem
1194 2496 1215 2539 a
1238 2485 1276 2541 s'e
1297 2473 1367 2559 peti
1387 2470 1574 2559 experitur.

346 2590 389 2654 Et
406 2598 474 2654 tam
491 2590 599 2653 multa
615 2586 761 2673 collegia
777 2610 837 2673 per
852 2587 1086 2672 Germaniam,
1106 2588 1337 2676 Hungariam,
1360 2588 1502 2669 Italiam,
1521 2587 1577 2655 si-

344 2703 467 2783 ciliam,
485 2702 645 2784 Galliam,
664 2702 879 2789 Hispaniam,
898 2716 933 2771 et
949 2703 1075 2790 passim
1096 2726 1158 2791 per
1173 2704 1291 2773 Indiae
1311 2704 1473 2791 regiones
1488 2704 1575 2770 fide-.

344 2819 426 2885 lium
442 2818 582 2886 deuotio
597 2818 685 2905 erigi
705 2818 847 2906 expetit,
870 2828 908 2884 vt
929 2819 1089 2893 omnibus
1110 2822 1207 2888 nullo
1229 2820 1331 2887 modo
1346 2820 1455 2907 possit
1475 2818 1575 2885 satis·

345 2935 431 3005 fieri.
450 2936 519 3004 Sed
535 2936 579 3003 de
595 2934 648 3001 his
664 2936 845 3002 hactenus,
1177 2946 1180 2952 “

407 3051 581 3137 Dignetur
597 3051 715 3119 diuina
730 3051 867 3117 bonitas
883 3063 954 3119 tam
970 3062 984 3091 ¹
999 3050 1301 3133 contradictiones,
1317 3073 1419 3137 quam
1435 3052 1574 3138 applau-

342 3180 469 3235 sumet
489 3165 765 3235 beneuolentiam
787 3166 982 3247 hominum,
1005 3166 1040 3231 in
1064 3169 1228 3235 honorem
1249 3178 1284 3234 et
1310 3166 1454 3255 gloriam
1475 3186 1577 3264 suam¹

344 3294 379 3351 et
396 3283 584 3350 animarum
601 3281 765 3350 auxilium
782 3292 999 3351 conuertere.
1019 3284 1145 3349 Amen.

409 3400 539 3467 Romae
561 3418 598 3466 12
611 3398 794 3487 Januarii’
815 3414 914 3483 1552.

408 3516 438 3581 A
456 3519 555 3601 largo
570 3516 688 3581 eadem
705 3536 825 3580 manu.
845 3516 954 3601 Sopra
975 3516 996 3580 l'
1014 3512 1262 3583 archiuescouo
1278 3515 1322 3583 de
1340 3514 1482 3583 Toled0.

398 3738 411 3765 ³
431 3728 481 3776 tan
494 3737 553 3774 ms.

344 3829 541 3839 *κοκ-

393 3887 405 3917 ¹
442 3882 586 3936 Gentem
594 3888 626 3935 et
642 3877 752 3935 Certos
765 3879 843 3934 diem
856 3879 1016 3950 6Januarii
1029 3896 1099 3951 prae
1113 3896 1146 3934 se
1159 3877 1267 3937 ferunt.
