3634 5417
420 523 475 592 718
804 525 1012 582 Murmura
1030 526 1211 582 lauimus

421 675 518 732 atiena
546 675 703 748 doceatur,
731 691 780 748 193
810 677 916 734 statuit
943 686 978 733 ut

422 765 514 836 pueri,
530 767 580 838 qui
594 767 694 837 legere
706 767 851 834 naciant,
861 767 899 822 ad
912 783 978 840 per·

420 851 592 910 discendam
605 855 795 910 christianam
811 855 977 911 doctrinam

420 939 538 996 admitti
553 943 676 1014 possint,
701 943 823 1000 minime
845 961 918 1000 vero
938 943 977 999 ad

421 1031 496 1085 alias
509 1031 661 1103 lectiones,
680 1029 746 1100 380,
764 1031 868 1088 sedulo
885 1042 976 1105 atque

420 1118 610 1177 obedientiae
631 1119 768 1177 mandato
789 1123 972 1196 interposito,

423 1216 506 1264 vetat
532 1227 709 1282 quemquam
735 1229 752 1266 e
782 1211 891 1268 nostris
916 1229 977 1266 ma-

422 1297 511 1353 nibus
529 1297 591 1353 suis
609 1299 766 1356 verberare
784 1317 902 1373 pueros,
925 1302 977 1374 qui

420 1386 581 1444 Societatis
618 1389 734 1445 scholas
775 1391 977 1463 frequentant,

419 1475 487 1544 6013
502 1475 607 1548 probat
620 1495 691 1532 vero
705 1487 738 1534 ut
755 1487 896 1536 externus
913 1497 977 1535 cor·

423 1575 520 1622 rector
545 1567 733 1640 adhibeatur,
746 1577 811 1636 ¹aut
836 1569 977 1626 maturior

419 1655 528 1728 aliquis
546 1671 619 1725 puer
636 1674 673 1711 ex
691 1657 764 1730 ipsis
781 1657 976 1732 scholasticis,

421 1744 486 1813 θοις
509 1743 596 1814 jubet
618 1744 858 1802 scholasticorum
876 1765 977 1803 nume·

422 1849 498 1901 rum,
514 1833 630 1890 scholas
648 1832 907 1908 frequentantium,
927 1836 978 1892 de-

423 1919 565 1990 scribere,
585 1935 632 1990 45,
649 1919 714 1993 3273
732 1929 815 1978 vetat
832 1923 977 1994 Terentii,

421 2008 537 2064 Erasnu
560 2019 591 2064 et
612 2010 696 2065 Vivis
713 2027 803 2082 opera
821 2012 851 2067 in
868 2012 978 2068 nostris

422 2097 533 2153 scholis
555 2097 695 2170 praelegi:
714 2099 793 2172 quod
810 2101 836 2155 si
849 2118 922 2157 usus
934 2101 978 2158 in·

423 2187 550 2242 valuerit
582 2195 614 2242 ut
644 2188 863 2262 praelegantur,
890 2189 978 2261 jubet

421 2291 459 2332 ea
472 2277 612 2348 paulatim
631 2293 668 2332 ex
686 2278 796 2334 nostris
811 2279 977 2352 gymnasiis

422 2363 565 2438 ablegari,
584 2365 644 2438 106,
658 2365 721 2436 484,
736 2367 801 2434 650.

458 2451 586 2508 Litteras
599 2450 829 2526 quadrimestres
839 2464 901 2510 tum
912 2456 977 2510 lati·

422 2555 461 2595 ne
475 2547 536 2594 tum
551 2543 709 2596 vernacule
722 2543 760 2596 ab
777 2559 814 2596 eo
831 2543 920 2598 scribi
930 2543 976 2616 ju·

422 2630 486 2696 bet,
508 2628 558 2701 qui
581 2629 711 2700 linguam
735 2631 839 2686 melius
858 2633 976 2702 calleat,

424 2727 486 2788 2413
501 2718 649 2789 quomodo
661 2718 892 2776 conscribendae
905 2721 975 2793 siut,

422 2803 520 2876 docet,
535 2804 598 2879 5633
613 2824 672 2861 non
687 2809 751 2863 vult
769 2817 801 2863 ut
819 2808 849 2863 in
867 2809 979 2865 littera·

423 2911 488 2950 rum
501 2894 742 2967 inscriptionibus
752 2897 857 2953 titulus
867 2898 978 2969 profes·

422 2981 450 3036 si
463 2981 619 3052 scribatur,
636 2996 697 3055 174,
712 2997 775 3053 271.

459 3068 638 3126 Societatem
652 3079 752 3128 tuetur
768 3082 870 3128 contra
885 3073 980 3129 archi·

420 3157 554 3232 episcopi
583 3159 684 3216 Silicei
715 3163 976 3235 oppugnationem,

419 3247 467 3318 65,
487 3247 532 3321 813
553 3249 632 3304 illam
651 3265 722 3305 vero
743 3267 810 3306 cum
830 3251 978 3324 religiosis

423 3337 976 3412 bamabitisinunumcorpusconjungi

422 3435 976 3502 nonputatoportere,495;nequecum

421 3513 479 3586 piis
494 3515 672 3571 Somaschae
685 3515 899 3589 sacerdotibus,
910 3519 976 3589 496;

419 3603 582 3660 animarum
605 3621 705 3661 curam
722 3621 740 3660 a
761 3606 912 3662 Societate
928 3625 977 3663 su·

422 3691 507 3763 scipi,
526 3691 581 3747 nisi
600 3692 637 3748 ad
659 3695 751 3750 breve
770 3703 898 3768 tempus,
916 3712 977 3752 uon

422 3783 538 3852 probat,
561 3780 624 3858 3793
648 3799 745 3855 neque
768 3787 975 3856 orphanorum,

420 3867 538 3924 adrem
556 3868 730 3926 familiarem
748 3871 827 3944 quod
848 3882 976 3946 spectat,

421 3955 484 4029 5483
503 3959 638 4030 quamvis
656 3959 839 4032 spiritualem
862 3961 976 4016 eisdem

421 4044 491 4102 dare
508 4063 627 4118 operam
650 4050 761 4120 annuit,
781 4049 846 4119 4653
864 4049 976 4121 cogitat

421 4132 460 4189 de
473 4133 621 4190 Societate
639 4153 656 4192 a
673 4135 833 4192 tridentino
850 4137 975 4194 concilio

422 4223 622 4294 approbanda,
638 4223 685 4280 13.

384 4309 617 4386 111.-Ignatius
626 4318 654 4368 et
663 4311 737 4370 socii
744 4313 977 4387 singulatim.-

421 4399 585 4457 Adriauum
595 4400 719 4458 Adriani
729 4403 817 4459 sociis
827 4403 977 4458 lovanien-

421 4487 505 4544 sibus
518 4489 661 4561 praeficit,
675 4491 740 4562 ⁶4⁶3
757 4489 883 4548 Araoaio
897 4508 977 4554 man·

421 4577 472 4632 dat
494 4588 527 4634 ut
548 4579 686 4634 idoneum
709 4579 804 4636 virum
826 4579 973 4652 designet,
991 4603 995 4610 ·

399 4667 472 4740 .qui
491 4667 663 4738 legionense
677 4668 733 4724 Sti.
749 4667 854 4726 Isidori
869 4687 976 4725 coeno·

1068 678 1150 734 bium
1162 679 1280 748 lustret,
1292 677 1357 751 392,
1370 677 1435 749 3933
1445 677 1627 734 Balduinuru

1067 769 1106 823 ab
1118 767 1237 838 Angelo
1248 766 1624 838 solatur,3r7;magistrum

1067 855 1155 910 Barul
1167 867 1332 928 emptorem
1341 856 1484 912 conantni
1494 857 1624 912 incolle

1065 944 1117 1016 gio
1129 945 1281 1015 eugubino
1292 962 1352 1001 non
1361 947 1476 1018 probat,
1482 960 1548 1016 597,
1558 943 1623 1016 5983

1065 1032 1249 1089 Bobadillam
1262 1042 1293 1090 et
1305 1031 1455 1092 Oviedum
1467 1033 1624 1106 Neapolim

1065 1121 1159 1177 ituros
1170 1123 1370 1195 commendat,
1381 1121 1430 1192 342
1442 1123 1509 1178 vult
1522 1133 1556 1178 ut
1568 1125 1626 1180 Bo·

1065 1211 1175 1270 badilla
1196 1220 1228 1268 et
1250 1211 1387 1271 Oviedus
1408 1213 1623 1269 cubicularium

1066 1299 1191 1374 Neapoli
1204 1301 1343 1373 habeant,
1357 1303 1409 1376 qui
1421 1319 1523 1357 eornm
1539 1303 1622 1358 cubi·

1066 1392 1132 1446 cula
1148 1399 1242 1450 curet:
1265 1392 1376 1447 caeteri
1396 1409 1484 1447 snum
1501 1391 1623 1447 eubicu-

1066 1481 1128 1536 lum
1151 1491 1345 1553 componant,
1371 1493 1438 1556 1003
1459 1482 1565 1538 annuit
1589 1488 1622 1536 ut

1066 1569 1256 1640 Boninaegna
1290 1569 1428 1626 sacerdos
1454 1569 1523 1641 fiat,
1558 1583 1622 1641 594,

1067 1662 1131 1730 snb,
1153 1658 1280 1729 Borgiae
1296 1657 1409 1730 judicio
1427 1659 1569 1732 relinquit
1590 1669 1622 1714 ut

1066 1743 1155 1800 adeat
1165 1761 1225 1817 quo
1233 1745 1363 1802 eundum
1376 1745 1480 1801 essein
1492 1745 1623 1801 Domino

1063 1833 1252 1906 judicaverit,
1265 1834 1311 1907 (ης
1323 1833 1420 1890 eidem
1437 1836 1534 1907 aperit
1550 1834 1621 1908 quid

1066 1920 1195 1976 senserit
1205 1919 1244 1976 de
1261 1919 1423 1992 rejicienda
1438 1921 1622 1977 cardinalitia

1066 2025 1203 2081 purpura,
1216 2023 1309 2081 nuper
1318 2009 1445 2080 Borgiae
1456 2010 1566 2064 oblata:
1576 2027 1621 2065 ro

1066 2105 1119 2168 gat
1129 2104 1163 2154 ut
1180 2097 1292 2152 scribat
1307 2097 1379 2170 quid
1395 2098 1453 2153 sibi
1473 2097 1619 2166 videatur,

1066 2187 1108 2241 ita
1120 2193 1154 2241 ut
1165 2185 1283 2241 litterae
1294 2186 1411 2242 ostendi
1424 2185 1618 2259 postutare

1063 2273 1150 2346 jubet
1162 2291 1283 2346 operam
1303 2273 1386 2332 illum
1406 2275 1478 2330 dare
1499 2275 1621 2347 negotio

1065 2363 1120 2420 filii
1145 2363 1192 2420 sni
1216 2365 1314 2420 Caroli
1338 2364 1533 2434 conficiendo,
1555 2363 1618 2434 ³⁹45

1066 2454 1172 2524 probat
1184 2461 1223 2527 ut
1231 2454 1346 2523 Burgus
1358 2469 1392 2508 se
1400 2453 1545 2526 conferat,
1556 2453 1618 2523 3943

1066 2539 1191 2614 Borgiae
1213 2551 1245 2596 et
1255 2541 1393 2597 Turriani
1408 2540 1619 2614 profectionem

1066 2627 1096 2682 in
1121 2627 1331 2699 Portugalliam
1353 2645 1508 2700 perperam
1528 2627 1618 2684 fuisse

1065 2717 1205 2772 omissam
1235 2726 1354 2786 censet,
1385 2717 1450 2787 464;
1482 2719 1618 2774 Bror'etum

1066 2801 1171 2860 Italiae
1183 2805 1394 2876 provincialem
1405 2813 1500 2878 creat,
1514 2819 1559 2878 25,
1572 2806 1617 2876 ab,

1066 2893 1113 2966 763
1126 2902 1411 2964 caesaraugustanus
1423 2893 1521 2950 socios
1534 2896 1618 2966 jubet

1066 2996 1105 3035 ex
1128 2982 1203 3046 urbe
1219 2981 1371 3051 recedere,
1384 2981 1442 3037 uisi
1463 2991 1546 3038 actor
1563 2983 1617 3038 Ro·

1067 3085 1133 3126 mae
1153 3069 1365 3142 constituatur,
1388 3072 1441 3144 qui
1467 3075 1617 3143 negotium

1067 3155 1183 3212 illorum
1195 3157 1301 3212 domus
1313 3169 1408 3227 curet,
1425 3159 1487 3232 ¹⁶5³
1501 3160 1615 3216 Consal·

1067 3245 1148 3302 vium
1160 3243 1198 3300 de
1210 3245 1335 3302 Camars
1344 3245 1431 3318 jubet
1444 3264 1461 3302 a
1473 3250 1555 3318 regia
1571 3265 1616 3303 cu·

1066 3333 1119 3405 ria,
1139 3333 1198 3389 nisi
1215 3345 1366 3392 annuente
1381 3351 1466 3406 rege,
1485 3354 1545 3391 non
1561 3335 1615 3392 dis·

1044 3469 1048 3474 .
1065 3422 1185 3492 cedere,
1194 3422 1242 3494 66,
1253 3423 1300 3494 67;
1314 3422 1395 3478 illius
1408 3423 1615 3495 negligentiam

1066 3511 1098 3566 in
1123 3511 1281 3568 scribendo
1306 3512 1417 3585 carpit,
1442 3512 1512 3582 3⁶63
1538 3513 1614 3570 illum

1065 3601 1189 3672 corrigit
1200 3600 1269 3674 quia
1282 3619 1352 3674 prae
1365 3601 1457 3672 animi
1469 3603 1615 3658 demisse

1065 3707 1105 3746 ne
1126 3692 1253 3747 noluerit
1274 3691 1339 3762 regi
1360 3691 1515 3748 confitenti
1535 3709 1616 3760 aures

1066 3781 1220 3852 praebere,
1242 3781 1306 3849 6253
1330 3781 1481 3837 Condreto
1503 3780 1616 3838 mandat

1066 3879 1099 3924 ut
1128 3869 1223 3925 Lairrii
1257 3869 1421 3926 valetudini
1450 3870 1615 3943 prospiciat,

1065 3957 1469 4029 650,651;Domeneccumex
1479 3959 1616 4031 Hispania

1043 4081 1050 4090 ·
1065 4063 1125 4102 non
1139 4047 1258 4102 venisse
1273 4046 1363 4114 dolet,
1377 4046 1442 4117 3933
1452 4050 1616 4120 Eugubium

1065 4135 1206 4192 euntibus
1228 4135 1328 4204 sociis,
1344 4137 1505 4209 collegium
1525 4136 1616 4210 auspi

1065 4223 1186 4298 caturia,
1200 4224 1252 4280 dat
1264 4225 1401 4282 mandata
1413 4234 1444 4281 et
1454 4226 1618 4282 instructio·

1066 4329 1145 4380 nem,
1168 4311 1297 4386 479·482;
1320 4314 1473 4369 Ferrariae
1494 4314 1617 4386 collegio

1067 4400 1214 4473 providet,
1228 4415 1291 4474 ²973
1305 4419 1364 4457 non
1382 4406 1490 4472 probat
1506 4413 1539 4459 ut
1550 4403 1618 4460 Gal·

1066 4490 1201 4546 venalius
1213 4490 1300 4548 facile
1313 4491 1352 4546 de
1364 4502 1487 4564 peccato
1500 4493 1618 4550 damnet

1066 4579 1177 4634 abusus
1202 4579 1232 4636 in
1256 4581 1423 4650 vestiend03
1450 4584 1564 4638 mavult
1586 4594 1619 4639 ut

1066 4667 1319 4727 adhortationibus
1332 4678 1441 4742 utatur,
1458 4675 1523 4740 629;
1541 4673 1620 4744 Gan-
