3634 5417
396 446 432 503 50
777 436 985 492 Monstrum
1003 437 1182 493 lanarum

238 672 245 683 .
360 590 486 656 rendos
507 587 633 667 idonei,
655 586 865 655 diuidantur.
890 589 979 657 Cum
1002 588 1109 675 igitur
1127 589 1188 654 diu
1216 591 1432 674 multumque
1456 589 1491 656 in
1511 610 1592 676 pro-

362 703 476 771 uincia
496 703 595 791 regni
619 703 865 791 Portugalliae,
885 704 946 771 tibi
967 727 987 771 a
1014 704 1113 771 nobis
1133 704 1329 786 commissa,
1346 717 1382 771 et
1397 727 1418 771 a
1432 705 1509 771 Deo
1528 706 1593 771 bo—

361 842 483 888 norum
513 818 666 887 omnium
696 822 861 889 aucthore
887 842 1097 907 magnopere
1127 832 1243 900 aucta,
1272 832 1430 888 versatus
1460 819 1524 901 siS,
1554 831 1591 888 et

361 936 511 1004 aetatis·
527 958 568 1003 ac
584 935 737 1022 corporis
753 935 888 1031 infirma
904 936 1101 1005 valetudine
1120 936 1277 1016 affectus,
1296 936 1333 1003 in
1347 936 1477 1005 eisdem
1493 937 1593 1003 labo-

361 1052 455 1119 ribus
475 1052 621 1137 amplius
637 1050 845 1119 detinendus
866 1073 936 1119 non
956 1074 1033 1121 esse
1048 1028 1290 1134 videarisjnos
1306 1052 1427 1121 eadem
1444 1053 1592 1119 auctho-

361 1168 474 1249 ritate,
489 1190 558 1252 qua
574 1166 636 1234 tibi
652 1169 720 1233 hoc
733 1168 847 1235 oneris
862 1166 1101 1255 imposuimus,
1116 1178 1153 1232 vt
1169 1167 1237 1234 iam
1255 1169 1392 1236 tandem
1408 1178 1486 1253 post
1501 1168 1591 1233 mul-

273 1370 275 1377 Ι
361 1295 414 1377 tos
429 1272 538 1351 annos
554 1284 722 1371 respirare
736 1282 859 1369 possis,
879 1286 980 1352 abeo
997 1295 1031 1351 te
1046 1304 1189 1351 munere
1203 1282 1240 1349 in
1256 1283 1396 1351 nomine
1412 1283 1538 1365 Patris,
1555 1294 1590 1350 et
1691 1366 1696 1377 Ι

362 1398 450 1479 Filii,
468 1410 503 1466 et
520 1400 668 1485 Spiritus
684 1399 794 1467 sancti
812 1399 1009 1467 liberamus

429 1518 555 1582 Datum
573 1517 704 1605 Romae
720 1516 852 1583 XXVII
868 1515 1071 1583 Decembris
1086 1516 1244 1585 M.D.Ll.

430 1632 547 1697 Manet
555 1632 806 1719 fragmentum
823 1652 922 1697 carae
937 1632 1065 1697 rubrae
1075 1630 1199 1717 sigilli.
1229 1648 1233 1655 '
1268 1657 1273 1670 ¹

934 1804 1024 1883 23⁰¹
1157 1864 1163 1875 .

770 1942 944 2030 Jonuru
960 1944 1180 2012 sommo

739 2089 827 2132 noua
847 2063 1082 2153 28tnacauan1s
1103 2089 1169 2146 155¹
1193 2081 1212 2136 ¹.

559 2200 707 2256 Omnium
721 2202 869 2257 bonorum
882 2205 1009 2272 operum
1023 2202 1182 2257 societatis
1189 2202 1230 2275 fit
1239 2202 1403 2275 particeps.

432 2325 585 2413 lgnatius
600 2326 645 2395 de
661 2326 802 2413 Loyola,
821 2326 1006 2395 Societatis
1017 2329 1102 2414 Jesu
1118 2327 1336 2413 praepositus
1352 2327 1534 2413 generalis.

431 2438 548 2508 Rev.⁶⁰
576 2463 616 2508 ac
643 2440 862 2508 ornatissimo
882 2442 958 2507 viro
977 2444 1022 2509 D.
1053 2444 1156 2509 Mtro.
1182 2444 1308 2531 Joanni
1335 2443 1480 2521 Polleto,
1510 2442 1594 2508 iuris

364 2556 543 2642 vtriusque
564 2556 752 2637 licentiato,
775 2556 954 2642 pravitatis
973 2557 1166 2624 baereticae
1187 2558 1380 2643 inquisitori
1403 2558 1593 2637 ’,salutem

364 2674 399 2737 in
416 2672 553 2740 Christo
566 2671 821 2759 sempiternam.

430 2788 598 2874 Quamuis
614 2786 649 2854 in
666 2787 812 2857 ecclesia
828 2788 1009 2869 catholica,
1022 2800 1060 2853 vt
1076 2809 1223 2875 corpore
1238 2788 1385 2874 mystico
1392 2790 1477 2876 Jesu
1490 2788 1594 2855 Chri-

363 2904 406 2997 sti
423 2914 604 2989 compacto
620 2914 655 2970 et
672 2924 828 2971 connexo
845 2924 905 2989 per
928 2924 1066 2970 omnem
1087 2903 1283 2970 iuncturam
1304 2902 1594 2969 subministratio-

363 3019 429 3099 nis,
448 3030 534 3087 teste
551 3019 731 3105 Apostolo,
750 3020 902 3085 membra
919 3019 1033 3085 omnia
1049 3040 1111 3105 pro
1127 3041 1165 3087 se
1180 3018 1330 3085 inuicem
1348 3016 1495 3085 sollicita
1511 3018 1593 3097 sint,

363 3148 400 3202 vt
417 3134 566 3221 singula,
585 3134 681 3201 iuxta
696 3155 891 3203 mensuram
909 3134 1042 3220 gratiae
1058 3133 1123 3201 sibi
1135 3156 1155 3199 a
1168 3134 1376 3222 capiteJesu
1389 3132 1530 3200 Christo
1542 3132 1596 3199 in-

363 3252 471 3331 fusae,
490 3248 601 3316 officia
617 3260 731 3316 suaet
748 3250 842 3316 bona
858 3248 994 3317 cunctis
1013 3249 1089 3316 aliis
1109 3249 1378 3331 communicent;
1398 3249 1523 3316 rationi
1546 3260 1598 3315 ta·

363 3387 442 3432 men
469 3376 738 3432 consentaneum
765 3377 835 3446 est,
865 3376 902 3429 vt
931 3375 1028 3431 tanto
1057 3364 1241 3450 procliuior
1269 3363 1509 3450 copiosiorque
1536 3365 1598 3429 fiat

363 3482 515 3567 ipsorum
536 3479 815 3559 communicatio,
839 3491 974 3564 quanto
996 3478 1164 3566 poenitior
1184 3491 1220 3547 et
1241 3478 1381 3545 solidior
1401 3477 1594 3547 dilectionis

362 3596 531 3663 connexio
546 3595 674 3665 existit.
693 3596 812 3681 Quare
828 3616 892 3663 nec
909 3598 952 3664 B.
973 3596 1118 3662 Paulum
1139 3594 1280 3681 pigebat
1301 3593 1455 3662 fidelium
1476 3615 1596 3680 preces

363 3712 399 3777 in
416 3711 529 3797 specie
545 3710 610 3776 sibi
632 3710 852 3797 applicandas
873 3710 1074 3798 efflagitare:
1099 3712 1191 3778 vnde
1213 3711 1322 3795 liquet
1340 3711 1501 3777 vnionem
1520 3732 1598 3796 par·

364 3826 542 3895 ticularem
559 3824 756 3893 huiusmodi
774 3848 922 3913 magnae
936 3825 1109 3895 efficaciae
1124 3846 1165 3893 ac
1180 3824 1337 3893 vtilitatis
1358 3847 1446 3895 esse.

376 3948 386 3971 ⁸
430 3943 519 4009 Cum
543 3942 649 4030 igitur
672 3953 730 4009 tua
753 3945 902 4009 charitas
924 3942 1120 4011 deuotionis
1140 3944 1267 4010 affectu
1292 3956 1326 4010 et
1348 3940 1597 4011 beneficentiae

363 4080 502 4145 quoque
526 4058 646 4125 merito
667 4058 749 4123 huic
779 4056 938 4124 minimae
961 4069 1099 4125 nostrae
1116 4057 1279 4126 Societati
1300 4056 1518 4145 adglutinata
1539 4057 1595 4135 sit,

364 4194 439 4253 nos,
459 4194 628 4241 memores
644 4172 783 4258 quidem
796 4171 1008 4265 paupertatis
1020 4184 1170 4253 nostrae,
1185 4175 1276 4257 quod
1290 4194 1354 4241 nec
1367 4172 1520 4259 cogitare
1532 4175 1597 4240 bo·

421 4394 434 4420 ¹
471 4384 569 4433 aetate
583 4378 672 4433 alter.
687 4396 732 4433 cx.

376 4500 403 4508 σ-
415 4500 564 4509 -ῃ--ι-

418 4565 425 4594 ¹
467 4564 510 4618 Ex
523 4564 702 4635 apographo,
719 4564 747 4619 in
765 4564 838 4618 Cori.
854 4564 993 4619 Bruxeil.
1010 4564 1034 4627 I,
1048 4563 1100 4618 iol.
1114 4578 1141 4633 7.

419 4658 428 4686 ⁵
470 4652 513 4707 De
527 4653 583 4707 hoc
598 4652 661 4707 viro
676 4660 768 4723 agunt
783 4652 853 4711 Lite,
871 4653 1049 4721 Quadrim„
1060 4653 1085 4721 l,
1100 4665 1150 4723 197
1164 4662 1195 4707 et
1212 4654 1271 4723 198;
1287 4652 1336 4723 lV,
1350 4652 1415 4722 403.
