3634 5417
417 513 471 568 686
798 512 1005 568 Morounura
1024 511 1201 567 loannem

382 677 543 752 tanquam
566 689 608 734 ex
629 636 964 754 perpetuo'quodam
984 663 1178 744 seminari0,
1201 663 1299 730 multi
1319 686 1454 750 semper
1469 663 1609 730 exibunt

379 791 416 850 et
432 782 660 868 pullulabunt.

446 896 614 981 Quintum
631 907 694 976 est,
715 897 805 981 quod
822 915 901 964 cum
916 907 931 948 Ρ
947 917 1101 964 summus
1117 893 1499 981 pontisexprouinciam
1513 892 1608 959 nobis

378 1011 513 1098 collegii
529 1011 715 1097 germanici
733 1011 766 1076 in
783 1011 888 1080 literis
910 1011 1036 1098 pariter
1054 1031 1094 1078 ac
1115 1010 1300 1076 virtutibus
1323 1009 1526 1076 instituendi
1549 1011 1610 1075 de·

378 1126 558 1206 mandarit,
577 1137 625 1206 vt,
645 1128 880 1194 colabantibus
896 1127 965 1193 illic
981 1127 1083 1194 rebus
1098 1125 1179 1193 fidei
1194 1138 1232 1192 et
1245 1126 1281 1191 in
1300 1137 1316 1176 ¹¹
1335 1124 1610 1211 septentrionali-

377 1243 442 1308 bus
458 1241 656 1328 regionibus
672 1244 715 1310 ad
730 1255 741 1283 ¹
753 1255 939 1310 extremam
952 1265 1041 1329 pene
1053 1241 1277 1328 indigentiam
1289 1242 1457 1306 bonorum
1470 1261 1511 1306 ac
1524 1241 1610 1308 fide·

376 1357 458 1424 lium
471 1357 701 1443 operariorum
719 1357 877 1441 redactis,
895 1369 1127 1440 succurratur,
1146 1356 1324 1443 permagni
1340 1356 1469 1424 referre
1485 1356 1522 1420 in
1538 1357 1609 1422 col·

375 1473 467 1560 legio
484 1475 550 1539 hoc
566 1485 682 1538 nostro
698 1485 721 1554 ¹,
739 1473 774 1539 in
791 1495 860 1559 quo
876 1473 932 1540 isti
948 1471 1104 1560 germani
1121 1482 1202 1539 sunt
1219 1471 1411 1552 erudiendi,
1425 1493 1495 1537 non
1508 1471 1611 1536 modo

376 1589 502 1655 multos
528 1587 680 1655 eruditos
708 1590 901 1675 magistros,
932 1588 1121 1657 sedetiam
1148 1609 1219 1653 non
1247 1591 1377 1674 paucbs
1408 1586 1611 1654 lectissimos

375 1710 512 1772 nostrae
540 1703 723 1772 Societatis
751 1705 936 1790 discipulos
958 1707 1091 1783 adesse,
1116 1703 1322 1788 quibuscum
1345 1703 1381 1769 in
1404 1703 1611 1771 lectionibus

375 1832 477 1904 atque
493 1819 649 1888 literariis
670 1819 971 1887 exercitationibus
991 1820 1118 1907 pariter
1138 1818 1293 1906 germani
1316 1840 1538 1906 progressum
1561 1821 1611 1884 fa-

376 1936 479 2002 ciant.

441 2053 582 2119 Sextum
596 2061 660 2131 est,
674 2052 765 2135 quod
777 2072 918 2137 prorsus
928 2051 1089 2138 expedire
1098 2050 1235 2117 videtur
1245 2050 1309 2136 ipsi
1320 2049 1497 2128 Societati,
1510 2049 1611 2115 cuius

374 2165 568 2232 institutum
586 2166 620 2231 in
637 2166 795 2231 domibus
811 2166 1044 2252 professorum
1060 2187 1139 2231 cum
1160 2167 1216 2231 hic
1237 2177 1318 2234 ante
1341 2165 1461 2231 oculos
1485 2163 1609 2230 summi

374 2280 544 2366 pontificis
568 2295 602 2350 et
626 2281 716 2350 sedis
741 2281 950 2366 apostolicae
972 2281 1017 2347 sit
1042 2281 1203 2368 positum,
1230 2291 1267 2346 vt
1291 2281 1381 2348 idem
1403 2280 1438 2346 in
1454 2279 1610 2366 collegiis

373 2407 534 2462 cernatur
547 2419 606 2482 par
619 2410 682 2464 est.
700 2399 742 2462 Et
756 2397 789 2463 id
806 2397 943 2482 quidem
958 2407 1054 2463 tanto
1069 2397 1186 2463 vtilius
1201 2396 1278 2477 erit,
1296 2407 1425 2480 quanto
1441 2395 1610 2462 maiorer

374 2533 415 2578 eo
431 2514 533 2578 etiam
548 2521 557 2552 t
573 2513 607 2578 in
629 2514 759 2597 reliqua
782 2512 928 2599 collegia
952 2512 1079 2579 vtilitas
1103 2512 1318 2581 redundabit.
1345 2513 1478 2580 Omnes
1501 2511 1606 2592 enim,

275 2618 277 2624 ’
374 2626 433 2712 qui
453 2627 578 2694 iudicio
599 2641 633 2694 et
655 2629 864 2696 authoritate
884 2625 1068 2714 plurimum
1089 2629 1216 2706 valent,
1239 2650 1284 2695 ex
1298 2631 1366 2693 hoc
1382 2641 1518 2694 caetera
1535 2649 1608 2694 me·

376 2743 505 2810 tientur
521 2755 555 2810 et
572 2743 786 2809 iudicabunt.

440 2859 642 2946 Septimum:
662 2858 740 2924 hinc
757 2858 858 2926 etiarn
879 2857 964 2924 illud
984 2860 1123 2944 pendet,
1146 2859 1238 2944 quod
1260 2879 1339 2923 cum
1361 2859 1405 2922 ad
1430 2859 1519 2923 hanc
1544 2877 1607 2922 cu-

373 2973 469 3054 riam,
496 2987 657 3059 tanquam
681 2975 725 3040 ad
748 2973 1012 3040 illustrissimum
1034 2975 1125 3040 orbis
1147 2987 1313 3040 terrarum
1330 2976 1513 3051 theatrum,
1532 2993 1606 3038 ma-

373 3109 466 3175 gnus
486 3090 635 3174 vndique
656 3111 844 3156 concursus
865 3091 937 3171 fiat,
960 3100 995 3158 et
1017 3112 1089 3156 non
1113 3091 1223 3156 solum
1247 3089 1392 3171 nobiles,
1419 3089 1607 3156 sedetiam

373 3203 554 3291 principeS,
574 3227 695 3292 regum
712 3217 875 3286 oratoreS,
893 3204 1056 3291 episcopi,
1078 3205 1280 3286 cardinaleS,
1307 3205 1430 3270 summi
1456 3204 1607 3290 denique

373 3315 407 3384 in
436 3321 500 3386 Dei
528 3320 671 3386 ecclesia
698 3333 712 3359 “
735 3321 798 3385 viri
823 3322 892 3388 huc
915 3321 1071 3388 certatim
1096 3321 1281 3399 confluant,
1306 3319 1514 3404 videantque
1540 3323 1605 3386 hoc

370 3436 556 3519 exemplar,
576 3447 840 3520 quantumquev
857 3437 1026 3502 bonorum
1041 3434 1121 3502 inde
1137 3435 1327 3521 proueniat,
1347 3437 1389 3500 ad
1406 3436 1486 3501 huic
1509 3435 1606 3502 simi-

372 3553 416 3617 lia
439 3554 473 3617 in
497 3551 568 3618 suis
592 3551 791 3638 regionibus
815 3551 968 3619 facienda
992 3551 1306 3618 inflammabuntur.
1334 3553 1438 3636 Quod
1466 3547 1626 3637 quidem'

372 3668 465 3735 hisce
482 3667 547 3732 iam
564 3669 699 3732 duobus
715 3666 814 3732 annis
830 3678 1011 3752 postquam
1024 3666 1210 3735 excitatum
1222 3667 1300 3755 [est]
1312 3679 1328 3707 ¹
1340 3670 1406 3734 hoc
1418 3668 1603 3755 collegium

371 3805 435 3848 vsu
454 3781 557 3861 venit,
577 3795 613 3846 vt
629 3782 770 3868 praelati
787 3782 916 3866 aliquot
931 3782 996 3849 alia
1012 3804 1081 3848 non
1097 3804 1206 3867 pauca
1222 3783 1258 3847 in
1276 3784 1370 3849 ltalia
1392 3784 1478 3870 erigi
1500 3805 1602 3850 cora-

372 3911 458 3964 rent.
486 3900 604 3984 Itaque
628 3919 733 3963 vnum
759 3897 891 3965 Perusii
914 3897 1067 3965 eiusdem
1092 3899 1184 3964 vrbis
1208 3898 1389 3966 cardinalis
1409 3902 1435 3982 ¹3
1458 3901 1602 3967 alterum

372 4015 490 4080 Rmus.
510 4015 657 4081 Sanctae
673 4012 795 4080 Crucis
811 4010 823 4042 ⁵
839 4013 1007 4098 Augubii;
1025 4012 1117 4079 aliud
1134 4015 1251 4081 Rmus
1273 4018 1437 4083 Moronus
1458 4017 1484 4064 ⁴·
1495 4016 1616 4083 Muti?

374 4157 584 4166 -Μ-

425 4235 439 4272 ν
477 4217 716 4275 Hostiarum»
759 4233 804 4270 -n
823 4202 1040 4271 collabentibus
1057 4217 1088 4271 in
1104 4218 1194 4271 rebus
1211 4216 1280 4272 fidei
1292 4218 1349 4272 alt.
1388 4234 1434 4261 -r
1452 4219 1531 4274 etad
1544 4221 1599 4274 alt.

372 4323 417 4348 -⁵
442 4305 528 4360 modo
552 4307 605 4358 all.
647 4317 690 4347 -t
709 4311 739 4358 et
758 4305 813 4360 alt.
836 4320 901 4362 ,ευ
925 4305 1050 4360 ecclesia
1069 4306 1199 4364 Detazt.
1239 4323 1288 4348 ..v
1309 4317 1451 4380 quantum
1473 4309 1527 4364 alt.
1568 4339 1601 4349 ·-

370 4411 384 4436 x
406 4395 512 4448 Exstat
526 4395 557 4448 in
573 4395 669 4448 trull.»

372 4503 584 4510 ...ι-’ψ-

423 4553 434 4582 ²
474 4548 594 4601 Fulvius
608 4545 751 4600 Corneus.
1129 4548 1163 4596 «³
1200 4547 1355 4603 Marcellus
1372 4548 1526 4608 Cervinus.

422 4637 598 4707 kJoannes
615 4636 749 4692 Moronus
762 4635 887 4704 collegio
901 4634 1059 4690 mutinensi
1079 4634 1260 4691 instituendo
1278 4653 1364 4708 opem
1383 4639 1460 4708 tulit,
1480 4657 1539 4695 non
1558 4648 1598 4696 ta-

369 4745 437 4782 men
451 4725 554 4780 unicus
568 4724 645 4780 illius
659 4733 760 4782 auctor
774 4723 899 4791 exstitit.
