3634 5417
428 457 481 528 578
813 456 1020 514 Monuumrru
1038 451 1217 537 louarrlnn

461 610 598 678 Litteris
621 608 747 676 vltimis
768 611 809 676 T.
835 611 875 678 R.
900 632 961 698 per
982 609 1173 696 proximum
1200 631 1375 679 cursorem
1404 609 1418 648 ¹³
1446 609 1619 695 respondi-

393 749 469 792 mus
485 725 509 808 ²;
529 727 584 793 his
600 727 737 811 quidem
766 725 917 794 breuiter
944 727 987 792 de
1003 726 1211 793 transmissis
1229 726 1274 793 ad
1295 748 1358 792 nos
1379 725 1562 793 iuuenibus
1577 727 1618 791 ab

393 842 542 918 inferiori
561 843 757 926 Germania,
773 854 807 910 et
823 843 866 908 de
883 841 958 928 ipso
975 831 1172 928 germanico
1187 841 1332 928 collegio
1353 864 1415 908 vos
1430 840 1615 910 certioresc

395 959 589 1025 reddemus.
1024 1019 1030 1024 .

461 1074 513 1139 Ac
529 1073 638 1158 primo
654 1071 837 1157 intelliges,
862 1072 977 1153 Pater,
1000 1073 1092 1156 quod
1113 1095 1157 1140 ex
1176 1071 1335 1138 omnibus
1355 1075 1424 1139 huc
1445 1071 1623 1140 destinatis

392 1185 536 1256 Colonia
552 1197 586 1254 et
603 1187 757 1253 Louanio
772 1187 816 1252 ad
833 1188 899 1252 hoc
917 1187 1114 1274 collegium,
1132 1189 1201 1254 duo
1223 1199 1356 1254 tantum
1378 1187 1509 1254 remissi
1526 1199 1620 1254 sunt:

392 1305 476 1370 alter
492 1301 712 1381 louaniensis,
742 1301 800 1386 qui
829 1322 907 1367 curn
924 1302 960 1368 in
987 1302 1121 1370 florenti
1148 1301 1162 1342 ‘¹
1189 1303 1363 1370 academia
1384 1303 1498 1370 suain
1515 1303 1623 1389 patria

393 1429 507 1505 posset
524 1417 667 1498 institui,
687 1439 756 1484 non
772 1429 824 1484 est
840 1418 952 1485 visum
969 1441 1048 1486 eum
1066 1421 1196 1488 Romae
1209 1421 1370 1499 retinere,
1384 1421 1445 1486 sed
1461 1419 1622 1484 viaticum

393 1533 426 1600 ei
442 1535 579 1601 abunde
596 1535 639 1599 ad
656 1533 802 1600 reditum
818 1545 871 1600 cst
883 1534 1014 1603 datum:
1032 1535 1118 1601 alter
1133 1534 1278 1601 Colonia
1294 1535 1430 1611 missus,
1444 1533 1631 1621 postquam

356 1685 360 1691 ·
395 1661 552 1736 receptus
567 1663 619 1716 est
636 1647 670 1714 in
687 1623 883 1735 collegium,
902 1669 1022 1734 parere
1037 1648 1147 1716 noluit
1158 1650 1233 1716 eius
1244 1650 1393 1736 legibuS,
1408 1671 1496 1734 quae
1509 1661 1623 1716 tamen

394 1773 474 1831 ante
496 1765 690 1850 ingressum
718 1763 750 1833 ei
778 1765 918 1833 suerunt
946 1754 1151 1851 propositae,
1177 1767 1220 1832 Et
1235 1765 1271 1831 id
1299 1765 1457 1852 precipue
1484 1765 1625 1850 ipsum⁶

393 1881 602 1960 offendebat,
621 1879 713 1965 quod
729 1902 766 1948 se
794 1881 935 1948 deberet
962 1879 1054 1946 domi
1081 1901 1239 1949 exercere
1266 1881 1449 1966 aliquando
1471 1880 1623 1946 inlibris

395 1995 516 2062 italicis
532 1995 688 2082 legendis
704 1997 746 2062 ad
764 2017 929 2077 mensam3
947 1996 1075 2081 alioqui
1096 1995 1178 2063 satis
1194 1996 1331 2083 ineptus
1345 1998 1390 2064 ad
1405 1995 1543 2084 insigne
1559 1997 1624 2062 hoc

395 2133 483 2198 opus
500 2111 689 2177 videbatur.
714 2113 832 2196 ltaque
859 2111 1062 2198 permissum
1076 2124 1130 2179 est
1150 2112 1181 2182 ei
1209 2124 1247 2177 vt
1267 2113 1404 2192 rediret,
1428 2112 1496 2179 imo
1511 2123 1549 2179 et
1563 2112 1625 2178 ali·

398 2227 479 2312 quid
491 2226 717 2294 eleemosinae
733 2227 767 2294 in
781 2227 943 2294 viaticum
959 2239 1013 2294 est
1027 2228 1159 2310 datum3
1177 2228 1257 2294 licet
1273 2249 1394 2315 parum
1408 2227 1445 2292 id
1457 2227 1625 2314 promeri-

398 2353 454 2408 tus
470 2341 654 2410 videretur.
1254 2351 1259 2358 ’

382 2465 385 2470 “
464 2457 580 2524 Ceteri
596 2479 727 2539 omnes,
746 2457 805 2542 qui
821 2461 864 2524 ad
885 2458 1069 2544 collegium
1091 2470 1269 2538 venerant,
1288 2470 1404 2544 preter
1423 2480 1530 2525 vnum
1547 2459 1620 2524 hol-

397 2574 547 2652 landum,
567 2573 625 2658 qui
646 2573 809 2640 militibus
835 2573 1041 2658 quibusdam
1064 2596 1148 2642 suae
1163 2575 1304 2659 patriae,
1334 2587 1369 2642 et
1389 2575 1548 2654 alterum,
1569 2572 1625 2658 qui

397 2703 535 2756 nostrae
548 2687 710 2758 Societati
722 2688 730 2728 ¹
742 2689 908 2757 adherere
921 2689 1051 2770 maluit,
1065 2689 1102 2754 in
1113 2689 1259 2777 collegio
1272 2701 1412 2758 manent
1426 2701 1451 2755 ⁸.
1467 2691 1626 2774 Quatuor

397 2807 451 2872 vel
464 2805 615 2890 quinque
627 2805 683 2871 alii
696 2805 853 2892 (quorum
865 2806 935 2871 duo
947 2800 1300 2889 insulenseslfuerant
1311 2807 1355 2871 ad
1366 2805 1574 2873 Societatem
1592 2816 1624 2870 et

398 2943 466 2987 non
483 2919 497 2960 ¹²
513 2922 556 2988 ad
573 2921 755 3006 collegium
768 2919 1004 3007 germanicum
1022 2921 1193 3002 destinati3
1212 2931 1247 2988 et
1261 2919 1360 2988 icum
1373 2942 1436 2987 suo
1452 2921 1486 2987 in
1499 2943 1624 3008 propo·

398 3037 464 3103 sito
480 3058 549 3103 non
567 3047 837 3122 perseuerarent,
856 3057 920 3103 nec
936 3035 1086 3119 admissi,
1109 3057 1173 3102 nec
1194 3037 1240 3103 ad
1260 3037 1406 3104 reditum
1427 3036 1535 3102 adiuti
1551 3034 1624 3100 via-

401 3153 468 3218 tico
484 3164 577 3235 sunt,
595 3153 668 3231 sed,
688 3163 724 3216 vt
741 3151 871 3238 opinor,
890 3151 1003 3218 adhuc
1024 3152 1152 3218 Romae
1174 3163 1325 3232 manent,
1347 3164 1382 3218 et
1396 3150 1488 3219 heris
1508 3151 1626 3218 nescio

400 3269 526 3353 quibus
554 3267 758 3334 inseruiunt.
789 3269 916 3334 Eorum
944 3266 1123 3349 minimus,
1145 3266 1427 3348 buscoducensis,
1458 3267 1517 3352 qui
1537 3267 1627 3333 asfir-

400 3385 513 3452 mabat
526 3407 563 3452 se
579 3406 649 3450 non
667 3383 864 3463 Societatis,
883 3385 944 3451 sed
961 3383 1099 3470 collegii
1115 3383 1302 3469 germanici
1323 3382 1458 3470 granai
1478 3383 1623 3461 venisse,

400 3523 442 3568 ex
460 3498 718 3566 comiseratione
735 3497 770 3563 in
792 3498 977 3585 collegium
995 3513 1048 3566 est
1067 3498 1235 3565 admissus
1255 3500 1281 3564 ³.
1304 3497 1392 3566 Aliis
1416 3510 1529 3565 tamen
1544 3497 1628 3564 flan-

401 3615 471 3680 dris
488 3615 543 3680 vel
559 3613 741 3693 hollandis,
760 3625 820 3679 aut
836 3636 878 3682 ex
901 3611 1085 3683 Brabantia
1099 3611 1115 3652 ¹¹
1130 3612 1166 3678 in
1192 3624 1368 3700 posterum
1383 3635 1452 3680 non
1472 3612 1538 3679 erit
1555 3615 1625 3678 huc

401 3729 619 3811 veniendum;
639 3751 716 3795 nam
734 3728 879 3795 Louanii
895 3739 1039 3814 possunt
1055 3730 1136 3795 dare
1158 3728 1279 3794 litteris
1300 3751 1450 3814 operam,
1467 3740 1502 3796 et
1525 3727 1628 3793 huius

401 3845 539 3932 collegii
555 3844 723 3910 institutio
740 3867 808 3910 non
829 3844 894 3910 illis
910 3855 962 3910 est
981 3855 1050 3910 tam
1067 3843 1259 3912 necessaria
1275 3865 1377 3930 quam
1398 3843 1629 3932 superioribus

401 3959 583 4047 germanis.
605 3962 675 4026 Imo
692 3971 726 4026 et
742 3960 921 4028 cleuenses
938 3971 972 4027 et
984 3959 1192 4045 juliacenses
1212 3971 1247 4027 et
1263 3961 1463 4046 geldrenses
1477 3980 1519 4026 ac
1535 3959 1629 4046 phri-

457 4163 742 4219 bveredariumalt.
782 4162 1115 4218 -ccertioresvosatt
1152 4163 1332 4218 —dflorenti
1344 4180 1398 4218 sua
1410 4163 1465 4220 alt.
1502 4179 1629 4218 -eeum

401 4255 457 4309 alt.
496 4257 542 4296 —f
560 4253 700 4309 Societati
724 4262 840 4308 nostrae
861 4253 918 4308 alt.
957 4259 1126 4308 -emanet
1145 4253 1201 4307 alt.
1240 4255 1291 4294 -h
1311 4254 1397 4308 Deest
1418 4254 1452 4306 in
1469 4251 1562 4307 «altu
1597 4281 1632 4293 -

402 4347 409 4387 ἱ
431 4347 517 4400 Deest
529 4343 562 4398 in
578 4345 669 4402 uult.»
707 4343 749 4393 -i
765 4343 860 4413 gratia
873 4343 930 4397 huc
942 4341 1001 4396 ult.
1042 4345 1093 4385 -k
1106 4349 1158 4396 aut
1170 4342 1321 4397 brabantis
1332 4341 1388 4399 alt.

455 4503 466 4534 ¹
504 4497 579 4552 Vide
592 4496 746 4568 epistolam
759 4493 840 4563 3045.

457 4589 467 4620 ⁵
504 4588 550 4642 De
571 4586 606 4642 iis
625 4585 761 4640 omnibus
779 4583 913 4638 videatur
930 4581 1145 4654 epistola3u43.
1164 4581 1211 4640 Cf.
1234 4582 1442 4665 Sceuoeoen,
1457 4582 1631 4639 Monumen-

403 4683 468 4732 ta...
486 4674 615 4748 Collegii
632 4673 901 4742 Gernmuici.......,
917 4690 998 4744 pags.
1018 4673 1144 4743 108·110,
1163 4684 1288 4729 izo-122.
