3634 5417
526 737 759 851 nouenos
785 783 846 850 nr
870 785 1179 853 normannos

290 1043 362 1114 Pag.
380 1053 440 1114 111,
456 1041 507 1098 lin.
522 1042 570 1110 5-6
581 1040 691 1114 legitur
710 1043 831 1098 nullum
849 1046 1076 1109 adolescentem,
1090 1044 1215 1098 addatur
1226 1062 1263 1100 ex
1279 1043 1470 1100 auditoribus

237 1136 414 1188 nostrarum
427 1132 610 1188 scholarum.

290 1222 362 1294 Pag.
378 1235 506 1289 ποι-264.
522 1223 632 1292 Quum,
647 1238 758 1277 excuso
768 1221 829 1294 jam
844 1223 1006 1294 volumine,
1020 1223 1221 1296 apographum
1238 1223 1380 1294 epistolae
1398 1234 1468 1291 2517

240 1310 386 1366 Bruxellis
404 1310 616 1380 invenerimus,
635 1309 769 1382 ejusdem
787 1311 932 1384 epistolae
949 1313 1102 1368 annotatio
1121 1324 1133 1365 1
1153 1312 1196 1367 sic
1215 1310 1332 1366 videtur
1355 1311 1469 1366 consor·

237 1399 353 1456 manda:
368 1400 391 1472 'l
404 1401 448 1454 Ex
462 1397 669 1470 Bibliotlre'que
683 1400 805 1470 Royale,
820 1411 893 1460 sect.
908 1419 991 1469 mss,
1004 1401 1106 1457 codice
1120 1400 1163 1456 n.⁰
1179 1399 1325 1471 10619-37,
1338 1399 1390 1456 iol.
1407 1399 1469 1468 158.

236 1491 327 1546 Porro
339 1489 387 1544 hic
399 1488 494 1543 codex
508 1495 555 1544 est
568 1491 626 1546 vol.
643 1487 727 1543 0’330
738 1502 771 1548 ><
781 1492 875 1559 0’210,
887 1490 1022 1562 ligatum,
1032 1489 1184 1545 dimidiato
1193 1489 1274 1544 corio
1285 1499 1468 1561 coopertum,

238 1576 410 1651 inscriptum
424 1596 441 1634 a
455 1587 539 1648 tergo
560 1578 665 1633 «Varia
682 1581 687 1648 l
705 1579 964 1652 Ecclesiastique».
979 1581 1016 1634 Et
1035 1581 1122 1652 paulo
1142 1578 1276 1636 interius.
1290 1580 1396 1634 «Mssa
1419 1579 1471 1631 At·

236 1685 294 1740 que
313 1667 344 1723 in
361 1684 449 1740 parva
464 1683 575 1739 papyro
594 1666 777 1738 adglutinata
795 1667 979 1739 «16619-37».
999 1667 1123 1724 Constat
1143 1681 1194 1737 194
1211 1667 1290 1722 foliis
1307 1675 1471 1723 atramento

237 1756 373 1828 signatis,
392 1764 422 1812 et
442 1757 650 1828 complectitur
668 1758 752 1828 plura
770 1766 961 1815 monumenta
978 1758 1015 1811 de
1036 1758 1126 1812 rebus
1139 1755 1361 1826 ecclesiasticis,
1379 1766 1411 1831 ut
1430 1754 1468 1810 de

236 1845 394 1902 collatione
410 1843 632 1916 beneficiorum,
646 1853 705 1900 etc.

290 1936 366 2008 Jam,
386 1937 440 1989 hoc
459 1945 681 1990 monumentum
700 1933 793 1990 edidit
810 1935 975 2006 ephemeris
995 1936 1094 1990 Revne
1117 1936 1154 1990 de
1175 1933 1343 1997 Bruxelles,
1364 1950 1467 1988 mense

237 2024 342 2080 Martio
357 2023 437 2094 1840,
451 2040 534 2095 pags.
548 2035 644 2094 7072,
659 2022 736 2079 unde
749 2023 877 2079 editores
891 2025 988 2097 operis
1004 2023 1115 2080 Cartas
1127 2026 1163 2078 de
1177 2025 1243 2080 San
1255 2024 1382 2093 Ignaeio
1396 2021 1469 2076 illud

234 2112 475 2186 desumpserunt,
488 2130 506 2167 a
518 2129 576 2185 quo
590 2129 678 2185 opere
692 2131 745 2168 nos
763 2131 850 2186 supra
869 2113 994 2168 mutuati
1012 2131 1123 2169 sumus.
1141 2115 1239 2184 Atque
1258 2111 1330 2166 illud
1348 2111 1467 2183 quidem

235 2201 292 2257 sti.
307 2203 413 2273 Ignatii
430 2201 572 2272 originale
591 2201 719 2257 editores
732 2203 938 2259 bruxellenses
953 2202 1134 2272 judicavere,
1147 2219 1207 2257 non
1224 2211 1305 2256 recte
1319 2210 1417 2255 tamen
1430 2210 1464 2255 nt

234 2292 320 2346 nobis
338 2291 464 2360 videtur,
484 2291 510 2347 si
527 2289 570 2346 illi
588 2289 666 2346 aliud
684 2291 818 2362 ejusdem
837 2291 1020 2346 monumenti
1039 2292 1189 2363 exemplar
1207 2302 1276 2345 ante
1294 2292 1396 2344 oculos
1410 2305 1466 2344 uon
1541 2295 1549 2314 ¹

234 2381 412 2450 habuerunt,
425 2397 513 2453 quam
526 2379 605 2453 quod
618 2380 648 2436 iu
662 2380 756 2451 regali
774 2380 954 2436 bibliotheca
969 2379 1151 2436 bruxellensi
1162 2396 1240 2434 nunc
1253 2386 1352 2434 exstat
1370 2379 1470 2434 nobis·

236 2486 293 2541 que
307 2477 459 2526 ostensum
473 2476 530 2524 est.

289 2557 375 2614 Nunc
389 2575 470 2629 vero,
485 2558 613 2631 exempli
626 2575 644 2613 a
657 2557 743 2615 uobis
756 2558 827 2616 editi
841 2577 908 2614 curn
927 2559 1095 2631 apographo
1113 2557 1294 2613 bruxellensi
1310 2557 1468 2611 collatione

234 2646 324 2713 facta,
338 2648 487 2702 variantes
501 2647 657 2718 lectiones,
670 2665 744 2721 quas
757 2647 1017 2721 deprehendimus,
1031 2646 1116 2718 juvat
1134 2647 1290 2723 subjicere:
1377 2692 1380 2701 .

288 2735 360 2806 Pag.
384 2735 448 2805 203,
473 2735 523 2795 lin.
547 2750 575 2806 5,
599 2737 707 2806 legitur
732 2735 844 2810 Carpi,
868 2737 898 2792 in
921 2755 976 2793 ms.
1003 2736 1116 2809 Carpa-
1137 2736 1188 2791 lin.
1214 2749 1263 2807 ιο,
1286 2733 1469 2808 regionibns,

234 2825 267 2880 in
280 2841 334 2882 ms.
349 2822 534 2890 nationibus;
548 2823 599 2880 lin.
622 2837 664 2892 ιι,
683 2825 901 2898 spiritualiter,
919 2826 950 2882 iu
969 2843 1023 2883 ms.
1043 2825 1250 2898 spirituatem
1268 2822 1321 2880 lin.
1340 2836 1384 2895 22,
1400 2823 1471 2878 reli·

232 2913 415 2988 giosissimi,
428 2914 458 2969 in
472 2931 527 2970 ms.
541 2913 833 2986 religiosissimique.

289 3001 360 3074 Peg.
375 3017 438 3074 204,
453 3002 504 3058 lin.
521 3016 548 3074 2,
562 3003 671 3074 legitur
683 3004 876 3072 Bonnoniae,
887 3005 918 3059 in
932 3022 986 3062 ms.
998 3005 1169 3071 Bononiae;
1178 3004 1230 3059 lin.
1241 3001 1271 3072 6,
1283 3008 1362 3070 tum,
1373 3001 1403 3056 in
1414 3018 1469 3058 ms.

235 3109 317 3159 cum;
330 3093 381 3148 lin.
395 3093 422 3162 6,
437 3093 471 3148 in
481 3093 605 3164 primis,
620 3092 650 3147 in
665 3109 718 3150 ms.
733 3094 902 3165 imprimis·
914 3095 964 3152 lin.
979 3093 1006 3164 8,
1018 3093 1227 3166 projecerunt,
1238 3092 1268 3147 in
1282 3109 1337 3150 ms.
1349 3097 1471 3164 promo·
1535 3127 1540 3132 -

234 3186 360 3248 urrann
372 3179 424 3236 lin.
441 3193 485 3252 ιο,
499 3180 575 3246 illis,
590 3180 619 3236 in
634 3197 688 3236 ms,
702 3182 781 3250 illic;
791 3181 843 3240 lin.
858 3197 904 3253 24,
911 3182 1007 3255 seret,
1021 3182 1053 3236 in
1067 3199 1121 3238 ms.
1129 3181 1263 3254 sanabit.
1432 3243 1439 3254 ⁸

289 3268 355 3325 Alia
372 3277 525 3343 praeterea
544 3269 665 3326 minoris
683 3271 824 3326 momenti
843 3271 1027 3342 invenimus,
1040 3270 1142 3344 *qualis
1158 3279 1206 3326 est
1227 3287 1298 3326 usus
1316 3270 1433 3324 litterae
1453 3286 1471 3322 a

236 3371 289 3426 pro
303 3375 333 3425 u,
347 3375 376 3413 v.
394 3376 439 3429 gr.
454 3376 544 3430 nsque
557 3375 609 3431 pro
623 3377 728 3430 usqum
740 3367 791 3414 aut
807 3359 938 3415 vicissim
953 3379 972 3414 n
984 3377 1037 3431 pro
1054 3379 1083 3424 o,
1099 3378 1128 3415 v.
1141 3376 1186 3430 gr.
1202 3357 1403 3431 prouidentia
1417 3373 1469 3428 pro

232 3445 445 3516 providentia,-
452 3447 573 3501 omissio
583 3446 726 3520 diptongi‚
738 3465 766 3505 v.
776 3465 822 3520 gr.
832 3452 1002 3520 prestantes
1012 3465 1064 3520 pro
1070 3451 1273 3519 praestantes;
1281 3455 1332 3501 aut
1342 3445 1470 3518 denique

234 3531 342 3588 vitiosa
354 3535 545 3608 quarumdam
560 3551 665 3590 vocum
678 3535 808 3610 scriptio,
826 3547 858 3592 ut
871 3537 1021 3609 presbiter
1034 3553 1086 3608 pro
1096 3536 1259 3608 presbyter,
1273 3543 1331 3590 etc.

288 3621 412 3696 Rornae,
426 3623 571 3680 Archivio
588 3626 622 3680 di
641 3627 740 3692 Stato,
757 3627 860 3682 Fondo
876 3625 1041 3694 Gesuitico,
1052 3625 1184 3698 collegii,
1202 3642 1305 3680 masso
1322 3623 1372 3688 88,
1385 3623 1466 3696 fasc.
1502 3625 1508 3636 ‘

237 3711 382 3782 dononio,
396 3713 548 3770 invenitur
561 3712 640 3768 aliud
658 3715 856 3787 apographum
870 3714 1004 3786 ejusdem
1023 3713 1216 3782 monumenti,
1229 3712 1336 3786 quoda
1350 3713 1469 3768 bruxel-

232 3801 310 3858 lensi
325 3803 374 3858 vix
387 3803 547 3874 discrepat,
561 3802 586 3858 si
600 3805 676 3858 hanc
689 3805 908 3860 annotationem
922 3805 1065 3876 excipias,
1076 3822 1163 3877 quam
1175 3804 1232 3859 alia
1242 3820 1372 3859 manusa
1386 3813 1470 3866 tergo

234 3889 393 3964 inscripsit.
409 3892 598 3963 Supplicatio
614 3891 720 3948 Patris
734 3893 852 3967 Ignatii
865 3895 906 3948 ad
919 3895 1133 3966 imperatorem
1144 3898 1203 3965 pro
1219 3893 1399 3948 stabiliendo
1411 3891 1469 3946 col·

229 3979 315 4052 legio
329 3981 509 4036 lovaniensi.

288 4067 360 4139 Pag.
376 4067 439 4139 239,
453 4079 553 4125 annot.
568 4085 596 4144 43
615 4069 678 4138 360,
694 4079 794 4128 annot.
813 4069 840 4136 3,
856 4081 886 4128 et
904 4070 968 4142 379,
981 4082 1082 4128 annot.
1101 4087 1128 4143 4,
1147 4071 1376 4126 subdubitantes
1394 4067 1468 4123 dixi·

236 4172 300 4212 mus
322 4157 467 4227 Joannem
491 4159 683 4215 Laurentium
704 4161 844 4232 appellari
866 4160 1067 4228 Patarinam;
1087 4177 1166 4216 nunc
1188 4177 1270 4228 vero,
1292 4174 1468 4232 quamquam

235 4243 314 4301 illius
330 4261 497 4316 cognomen
514 4247 694 4320 ignoramus,
712 4247 802 4304 alium
820 4257 920 4304 tamen
937 4251 975 4306 ab
994 4250 1046 4306 illo
1062 4266 1130 4304 esse
1146 4257 1229 4304 certo
1245 4249 1390 4304 affirmare
1404 4263 1470 4318 pos·

230 4349 347 4390 sumus.

288 4423 360 4496 Pag.
375 4421 439 4496 331,
454 4424 506 4480 lin.
520 4424 547 4496 6,
563 4427 670 4497 legitur
683 4428 862 4499 eademque,
877 4429 945 4499 lege
957 4426 1074 4500 illique.

287 4512 361 4586 Peg.
374 4526 439 4586 709,
453 4517 510 4573 col.
525 4529 554 4588 2,
567 4516 618 4572 liu.
636 4529 680 4587 12,
695 4514 839 4583 cortesis,
859 4515 1049 4583 Constantia,
1063 4515 1149 4588 adde,
1162 4535 1190 4572 v.
1207 4517 1412 4573 Palinvicina.

704 4715 749 4782 A.
788 4717 835 4782 Μ.
873 4717 918 4782 Ι).
954 4715 1001 4784 G.
