3634 5417
762 491 866 549 272
1515 478 1929 534 Monuussnn
1966 477 2323 533 lemnam

838 650 937 699 12.
1030 633 1248 717 Sopra
1280 631 1325 697 il
1358 607 1740 700 sacerdotio
1771 633 1859 700 de
1890 633 2051 699 Gou
2084 631 2158 714 ¹³,
2185 633 2319 700 che
2351 635 2406 698 s'
2436 630 2750 711 informe3
2780 655 2820 699 e
2845 632 3154 716 parendo

693 748 763 812 di
799 750 862 814 la
895 768 1090 815 come
1123 769 1281 832 qua,
1311 750 1443 815 che
1475 747 1531 814 si
1569 747 1779 814 faccia
1804 749 2183 816 sacerdote.

840 872 940 948 13.
1038 863 1188 930 Che
1222 863 1487 929 faciano
1519 873 1961 948 procuratore
1988 865 2189 931 Mtro.
2233 863 2580 931 Bernardo
2619 865 2666 898 ¹³
2702 875 2771 932 et
2803 863 2848 927 il
2896 873 3150 930 rettore

699 980 811 1044 del
833 978 1126 1066 collegio
1158 1000 1281 1065 pro
1314 990 1618 1064 tempore
1650 979 2014 1049 existente.
2182 1059 2189 1067 ¹

840 1114 937 1178 14.
1032 1096 1130 1163 Le
1162 1092 1652 1163 Constitutioni
1695 1116 1834 1161 non
1875 1096 2270 1162 andaranno
2313 1095 2525 1181 prima
2567 1098 2697 1162 che
2738 1095 2783 1160 l'
2822 1095 3144 1162 Ottobre.

840 1228 940 1294 15.
1037 1214 1144 1279 De
1196 1209 1246 1275 li
1292 1209 1601 1276 canonici
1660 1210 1957 1296 regulari
2012 1212 2071 1277 s'
2107 1212 2342 1279 hanno
2396 1213 2664 1279 coculla
2718 1233 2760 1277 o
2818 1231 2857 1293 3
2901 1209 3041 1276 voti
3073 1209 3146 1275 in

699 1347 1109 1393 maaeruanza
1162 1325 1387 1406 viridi,
1444 1328 1571 1393 che
1620 1325 1677 1393 si
1710 1337 2046 1412 reputano
2102 1329 2361 1396 hauere
2414 1326 2900 1413 impedimento
2942 1345 3060 1412 per
3090 1326 3160 1391 la

707 1441 1147 1528 Cumpagnia.
2057 1512 2062 1519 ,

845 1558 943 1625 16.
1035 1557 1113 1625 Li
1146 1555 1359 1623 buoni
1391 1557 1649 1644 sugetti
1683 1557 2033 1638 eminenti,
2063 1560 2196 1628 che
2228 1561 2460 1625 hanno
2492 1558 2749 1625 intrato
2782 1557 2852 1624 in
2880 1554 3160 1642 religio-

707 1700 815 1749 ne.
851 1693 1051 1739 como
1090 1672 1402 1759 potriano
1445 1673 1586 1740 fare
1628 1659 1758 1739 co'n
1800 1673 2073 1742 licentia
2104 1675 2214 1742 del
2255 1696 2428 1760 papa
2468 1697 2512 1740 o
2544 1674 2800 1759 legam,
2839 1684 3004 1754 ete„
3050 1691 3161 1736 ma

711 1792 836 1856 che
870 1791 924 1855 s'
959 1809 1123 1874 apra
1152 1788 1217 1854 la
1241 1801 1437 1874 porta
1476 1789 1547 1855 ¹⁴.

853 1922 954 1987 17.
1038 1904 1189 1972 Che
1219 1924 1349 1970 con
1384 1903 1658 1971 licentia
1688 1905 1797 1973 del
1835 1906 2305 1990 parrochiano,
2344 1917 2413 1972 et
2443 1927 2579 1971 non
2606 1926 2836 1983 sanza,
2867 1902 3085 1989 potria
3117 1901 3163 1967 il

721 2024 803 2088 P.
856 2023 1237 2089 Francesco
1277 2023 1324 2055 ¹⁸
1357 2041 1577 2087 serrat
1608 2020 1654 2085 il
1685 2033 2112 2090 sacramento
2144 2033 2211 2089 et
2238 2021 2505 2091 benidir
2536 2020 2584 2087 il
2624 2042 2890 2089 cenete.

857 2138 956 2203 18.
1056 2136 1296 2211 Como‚
1343 2157 1434 2202 no
1489 2145 1760 2204 ostante
1814 2135 1859 2202 1’
1891 2137 2285 2206 obedientia
2339 2139 2507 2207 data,
2552 2137 2614 2204 al
2653 2148 2859 2204 ‚conte
2890 2136 2978 2203 de
3021 2136 3166 2201 Me-

715 2252 833 2320 lito
875 2255 947 2334 ¹⁶,
984 2251 1041 2320 si
1078 2253 1252 2321 uede
1295 2255 1428 2319 che
1470 2252 1519 2319 il
1549 2253 1889 2320 contrario
1923 2254 2279 2336 conviene‚
2319 2276 2455 2320 non
2486 2254 2664 2321 deue
2696 2255 2799 2319 far
2829 2249 3162 2336 scrop0103

715 2384 779 2436 et
815 2372 943 2437 che
977 2389 1211 2436 mosen
1245 2371 1402 2436 Gou
1436 2369 1613 2437 saria
1660 2371 1848 2436 buon
1884 2390 2076 2437 mezo
2107 2392 2149 2436 o
2194 2368 2450 2438 vicario
2493 2370 2607 2438 del
2646 2379 2873 2446 conte3
2897 2376 2990 2434 ·et
3032 2367 3166 2433 che

719 2507 852 2552 non
884 2488 940 2549 s'
977 2483 1299 2552 affatiche
1331 2483 1399 2550 in
1436 2496 1624 2552 tante
1657 2484 1766 2552 vie
1799 2487 2075 2570 quando
2107 2508 2245 2553 non
2270 2496 2375 2553 sta
2408 2487 2611 2555 bene.

853 2618 951 2687 19.
1052 2600 1146 2668 Se
1176 2599 1224 2664 li
1248 2602 1585 2687 prolonga
1618 2600 1660 2666 il
1699 2611 1931 2688 tempo
1962 2603 2136 2669 dela
2161 2603 2460 2668 dottrina
2485 2599 2759 2687 xpiana.
2788 2608 3046 2684 quanto
3075 2598 3169 2662 ha

715 2716 1072 2801 hissogno.

847 2848 956 2896 20.
1055 2831 1147 2899 Se
1183 2851 1318 2897 non
1352 2830 1398 2897 li
1431 2831 1624 2918 piace
1656 2833 1722 2900 la
1753 2834 1913 2900 data
1946 2846 1974 2873 ⁸
2003 2835 2091 2902 de
2121 2835 2185 2901 le
2216 2854 2471 2914 nuoue,
2509 2833 2728 2900 chela
2754 2830 3005 2899 leuin0.

852 2964 961 3014 21.
1060 2948 1123 3016 A
1179 2947 1513 3016 Roderico
1542 2950 1631 3016 de
1688 2951 1970 3016 Duefias
2018 2953 2062 2984 '²
2112 2972 2185 3017 se
2224 2949 2271 3014 li
2318 2953 2456 3036 pub
2500 2948 2877 3016 concedere
2932 2946 3066 3012 che
3104 2945 3174 3011 la

719 3052 1146 3140 Compagnia
1178 3053 1434 3121 nomini
1467 3053 1512 3120 il
1532 3055 1899 3124 'confessor
1928 3058 2106 3125 delle
2136 3055 2541 3125 conuertite.

855 3187 963 3236 22.
1062 3170 1212 3238 Che
1237 3171 1442 3256 quelli
1477 3173 1563 3239 de
1595 3173 1996 3241 Salamanca
2029 3194 2163 3240 non
2200 3171 2473 3258 portino
2498 3194 2586 3240 ne
2610 3169 2909 3238 mantelli
2937 3191 3012 3236 se
3039 3187 3178 3234 non

727 3288 787 3352 al
827 3285 1025 3352 modo
1057 3306 1375 3354 comune.

857 3489 966 3556 23.
1065 3442 1218 3540 Vna
1251 3474 1448 3560 copia
1479 3476 1568 3544 de
1600 3497 1733 3542 vna
1777 3476 2021 3544 lettera
2054 3496 2172 3561 per
2202 3474 2249 3539 il
2290 3472 2808 3560 generalissimo
2846 3472 2933 3537 de
2972 3468 3017 3535 li
3054 3467 3186 3534 mi·-

731 3586 876 3652 Πῠτί
916 3589 990 3653 ¹⁸.

830 3772 858 3799 ι
929 3756 1094 3829 piace
1122 3759 1177 3814 la
1202 3758 1396 3814 ladata
1420 3777 1531 3816 ωε.

727 3908 1209 3980 impedimentum
1236 3913 1470 3986 aliquod
1514 3915 1867 3978 habuerunt,
1916 3915 2032 3970 nisi
2079 3911 2489 3986 promitterent
2514 3914 2678 3968 salva
2722 3911 2867 3983 ipsis
2903 3908 3029 3965 fore
3049 3909 3192 3980 jum

731 3998 1172 4072 parochialia...3
1204 4000 1309 4056 sed
1344 4000 1649 4059 tandem...
1679 4001 2039 4059 destiterunt
2072 3998 2132 4058 e't
2159 4002 2346 4058 nostri
2384 4001 2444 4057 in
2482 4001 2771 4056 ecclesiae
2808 4015 2952 4054 suae
2985 3995 3188 4053 aedifi·

727 4090 958 4141 catione
977 4097 1420 4159 perrexerunt.»

841 4176 882 4209 ¹⁸
960 4177 1254 4233 Antonius
1288 4179 1450 4235 Gon.
1494 4178 1588 4236 Cf.
1630 4180 1824 4251 Epist.
1867 4179 2118 4248 Martae,
2155 4180 2236 4250 11,
2276 4175 2382 4234 836
2416 4188 2478 4235 et
2514 4176 2641 4249 837,
2680 4178 2782 4233 ubi
2818 4175 3056 4232 Araozii
3098 4192 3192 4231 re·

731 4264 967 4332 sponsio
991 4266 1347 4328 continetur.
1376 4268 1511 4324 Non
1545 4278 1743 4325 autem
1780 4268 2060 4342 expedire
2097 4269 2288 4324 visum
2330 4276 2423 4324 est
2449 4276 2515 4323 ut
2552 4268 2643 4322 vir
2679 4267 2779 4322 ille
2813 4266 3071 4338 optimus
3097 4280 3193 4320 sn-

731 4351 938 4409 cardos
962 4353 1154 4412 fieret.

843 4442 884 4475 ¹³
957 4444 1288 4501 Berna'rdus
1315 4445 1639 4517 Oliverius,
1661 4448 1900 4520 collegii
1928 4446 2153 4503 romani
2173 4454 2396 4502 rector.

838 4532 882 4565 ¹⁴
957 4532 1282 4591 videantur
1307 4536 1503 4609 Epist.
1534 4539 1782 4603 Mixtae,
1815 4539 1889 4610 11,
1913 4538 2042 4609 657.

841 4623 886 4657 ¹⁸
959 4623 1306 4681 Franciscu's
1335 4628 1569 4698 Borgia.
2319 4624 2364 4659 ¹⁶
2438 4622 2590 4679 Vide
2617 4623 2926 4694 epistolam
2956 4619 3116 4689 2617.

837 4712 880 4746 ¹²
960 4715 1152 4787 Epist.
1177 4718 1429 4784 Mixtus,
1457 4719 1534 4793 11,
1565 4719 1672 4788 629
1698 4727 1759 4774 et
1779 4716 1907 4773 630.
2320 4717 2363 4750 ¹⁸
2435 4713 2701 4786 Epistola
2731 4712 2893 4780 2625.
